@Misc{Ansible,
  author       = {{Wikipedia}},
  title        = {Ansible (Software)},
  howpublished = {Web page},
  note         = {Online; accessed 10-Mar-2017},
  owner        = {S17-IR-P010},
  url          = {https://en.wikipedia.org/wiki/Ansible_(software)},
}

@Misc{github-cloudmesh-client,
  author       = {Gregor von Laszewski},
  title        = {Cloudmesh/client},
  howpublished = {Code Repository},
  note         = {Accessed: 2017-3-10},
  owner        = {S17-IR-P010},
  url          = {https://github.com/progrium/buildstep},
}

@InProceedings{haar-cascade,
  author    = {Paul Viola and Michael Jones},
  title     = {Rapid object detection using a boosted cascade of simple features},
  booktitle = {Third {IEEE} International Conference on e-Science and Grid Computing (e-Science 2007)},
  year      = {2001},
  address   = {Cambridge, MA},
  month     = dec,
  publisher = {Institute of Electrical and Electronics Engineers ({IEEE})},
  doi       = {10.1109/CVPR.2001.990517},
  owner     = {S17-IR-P010},
  url       = {http://wearables.cc.gatech.edu/paper_of_week/viola01rapid.pdf},
}