@article{kallman2008, 
  author = {Kallman, Robert and Kimura, Hideaki and Natkins, Jonathan and Pavlo, Andrew and Rasin, Alexander and Zdonik, Stanley and Jones, Evan P. C. and Madden, Samuel and Stonebraker, Michael and Zhang, Yang and Hugg, John and Abadi, Daniel J.}, 
  title = {{H}-{S}tore: a High-Performance, Distributed Main Memory Transaction Processing System}, 
  journal = {Proc. VLDB Endow.}, 
  volume = {1}, 
  number = {2}, 
  year = {2008}, 
  issn = {2150-8097}, 
  pages = {1496--1499}, 
  doi = {http://doi.acm.org/10.1145/1454159.1454211}, 
  publisher = {VLDB Endowment}, 
  url = {http://hstore.cs.brown.edu/papers/hstore-demo.pdf}, 
  }

@inproceedings{stonebraker2007, 
  author = {Stonebraker, Michael and Madden, Samuel and Abadi, Daniel J. and Harizopoulos, Stavros and Hachem, Nabil and Helland, Pat}, 
  title = {The end of an Architectural Era: (It's Time for a Complete Rewrite)}, 
  booktitle = {VLDB '07: Proceedings of the 33rd international conference on Very large data bases}, 
  year = {2007}, 
  isbn = {978-1-59593-649-3}, 
  pages = {1150--1160}, 
  location = {Vienna, Austria}, 
  publisher = {VLDB Endowment}, 
  url = {http://hstore.cs.brown.edu/papers/hstore-endofera.pdf}, 
  }


@misc{www-H-StoreFaq,
title = {{H-StoreFaq}},
url = {http://hstore.cs.brown.edu/documentation/faq},
howpublished = {Web Page},
note         = {Accessed:2/5/2017}
}

@misc{www-H-StoreArch,
title = {{H-StoreArch}},
url = {http://hstore.cs.brown.edu/documentation/architecture-overview/},
howpublished = {Web Page},
note         = {Accessed:2/5/2017}
}

@misc{www-FastData,
title = {{FastData}},
url = {https://www.voltdb.com/fast-data},
howpublished = {Web Page},
note         = {Accessed:2/5/2017}
}


