@Misc{www-ceph,
  author       = {{Red Hat, Inc.}},
  title        = {Ceph Homepage-Ceph},
  howpublished = {Web Page},
  year         = {2017},
  organization = {{Red Hat, Inc.}},
  note         = {Accessed: 2017-2-26},
  owner        = {S17-IR-2026},
  url          = {https://ceph.com/},
}

@Manual{ceph-redhat-datasheet,
  title        = {Red Hat Ceph Storage},
  organization = {{Red Hat,Inc.}},
  note         = {Accessed: 2017-2-26},
  key          = {{Red Hat,Inc.}},
  owner        = {S17-IR-2026},
  url          = {https://www.redhat.com/en/resources/red-hat-ceph-storage-datasheet},
}

@Misc{www-ceph-daemon,
  author       = {{Red Hat,Inc.}},
  title        = {Ceph Homepage-Ceph},
  howpublished = {Web Page},
  year         = {2017},
  note         = {Accessed: 2017-2-26},
  organization = {{Red Hat, Inc.}},
  owner        = {S17-IR-2026},
  url          = {http://docs.ceph.com/docs/master/architecture/#smart-daemons-enable-hyperscale},
}  

@Misc{www-ceph-scalable,
  author       = {{Red Hat, Inc.}},
  title        = {Ceph Homepage-Ceph},
  howpublished = {Web Page},
  year         = {2017},
  note         = {Accessed: 2017-2-26},
  organization = {{Red Hat, Inc.}},
  owner        = {S17-IR-2026},
  url          = {http://docs.ceph.com/docs/master/architecture/#scalability-and-high-availability},
}
http://docs.ceph.com/docs/master/architecture/#scalability-and-high-availability

@Misc{www-ceph-usecases,
  author       = {{Red Hat, Inc.}},
  title        = {Ceph Use cases-Ceph},
  howpublished = {Web Page},
  year         = {2017},
  note         = {Accessed: 2017-2-26},
  organization = {{Red Hat, Inc.}},
  owner        = {S17-IR-2026},
  url          = {http://docs.ceph.com/use-cases/},
}

@Misc{www-ceph-install,
  author       = {{Red Hat, Inc.}},
  title        = {Installation (Manual)- Ceph Documentation},
  howpublished = {Web Page},
  year         = {2017},
  note         = {Accessed: 2017-2-26},
  organization = {{Red Hat, Inc.}},
  owner        = {S17-IR-2026},
  url          = {http://docs.ceph.com/docs/master/install/},
}

@Misc{git-ceph-deploy,
  title        = {ceph/chep-deploy :Deploy Ceph with minimal infrastructure, using just SSH access},
  howpublished = {Web Page},
  year         = {2017},
  note         = {Accessed: 2017-2-26},
  organization = {Github},
  owner        = {S17-IR-2026},
  url          = {https://github.com/ceph/ceph-deploy},
}

@Misc{ceph-deploy-guide,
  author       = {{Alan Johnson}},
  title        = {Ceph - Hands-on guide |AJ's Data Storage Tutorials},
  howpublished = {Web Page},
  note         = {Accessed: 2017-2-26},
  owner        = {S17-IR-2026},
  url          = {https://alanxelsys.com/ceph-hands-on-guide/},
}

@Misc{wdlabs-ceph,
  author       = {{Red Hat,Inc.}},
  title        = {First Large Scale Ceph Storage Microserver Cluster Unveiled},
  howpublished = {Web Page},
  year         = {2016},
  month        = oct,
  note         = {Accessed: 2017-2-26},
  organization = {{Red Hat, Inc.}},
  owner        = {S17-IR-2026},
  url          = {http://ceph.com/community/500-osd-ceph-cluster/},
}

@Misc{climb-ceph,
  author       = {{Red Hat ,Inc.}},
  title        = {CLIMB supports research collaboration with Red Hat Ceph Storage},
  howpublished = {Web Page},
  year         = {2016},
  month        = oct,
  note         = {Accessed: 2017-2-26},
  organization = {{Red Hat, Inc.}},
  owner        = {S17-IR-2026},
  url          = {https://www.redhat.com/en/resources/climb-case-study},
}

@Misc{yahoo-ceph-deploy,
  author       = {P.P.S,Narayan and Samal,Sambit and Nanniyur,Satheesh},
  title        = {Yahoo Cloud Object Store - Object Storage at Exabyte Scale |Yahoo Engineering},
  howpublished = {Web Page},
  year         = {2015},
  month        = apr,
  note         = {Accessed: 2017-2-26},
  organization = {Yahoo Engineering},
  owner        = {S17-IR-2026},
  url          = {https://yahooeng.tumblr.com/post/116391291701/yahoo-cloud-object-store-object-storage-at},
}


@InProceedings{paper-Ceph,
  author    = {Weil, Sage A. and Brandt, Scott A. and Miller, Ethan L. and Long, Darrell D. E. and Maltzahn, Carlos},
  title     = {Ceph: A scalable, high-performance distributed file system},
  booktitle = {Proceedings of the 7th symposium on Operating systems design and implementation},
  year      = {2006},
  series    = {OSDI '06},
  pages     = {307--320},
  address   = {Berkeley, CA, USA},
  month     = nov,
  publisher = {USENIX Association},
  note      = {Accessed: 2017-1-26},
  isbn      = {1-931971-47-1},
  location  = {Seattle, Washington},
  numpages  = {14},
  owner     = {S17-IR-2026},
  url       = {https://www.usenix.org/legacy/event/osdi06/tech/full_papers/weil/weil.pdf},
}

@Misc{www-ibm-ceph,
  author    = {Jones, M},
  title     = {Ceph: A Linux petabyte-scale distributed file system},
  month     = {Jun},
  year      = {2010},
  publisher = {IBM},
  note         = {Accessed: 2017-2-26},
  owner        = {S17-IR-2026},
  url       = {https://www.ibm.com/developerworks/library/l-ceph/},
}

@Article{paper-ceph-hadoop,
  author  = {Maltzahn, Carlos and Molina-Estolano, Esteban and Khurana, Amandeep and Nelson, Alex J and Brandt, Scott A and Weil, Sage},
  title   = {Ceph as a scalable alternative to the hadoop distributed file system},
  journal = {login: The USENIX Magazine},
  year    = {2010},
  volume  = {35},
  pages   = {38--49},
  note         = {Accessed: 2017-2-26},
  owner        = {S17-IR-2026},
}

@InProceedings{ceph-metadata,
  author    = {Weil, Sage A. and Pollack, Kristal T. and Brandt, Scott A. and Miller, Ethan L.},
  title     = {Dynamic Metadata Management for Petabyte-Scale File Systems},
  booktitle = {Proceedings of the 2004 ACM/IEEE Conference on Supercomputing},
  year      = {2004},
  series    = {SC '04},
  pages     = {4--},
  address   = {Washington, DC, USA},
  publisher = {IEEE Computer Society},
  acmid     = {1049948},
  doi       = {10.1109/SC.2004.22},
  isbn      = {0-7695-2153-3},
  url       = {https://doi.org/10.1109/SC.2004.22},
  note         = {Accessed: 2017-2-26},
  owner        = {S17-IR-2026},
}


@Article{MDS,
  author  = {Latham, R. and Miller, N. and Ross, R. and Carns, P. and Mathematics and Computer Science, Clemson Univ.},
  title   = {A next-generation parallel file system for Linux cluster.},
  journal = {LinuxWorld Mag.},
  year    = {2004},
  volume  = {2},
  month   = {Jan},
  place   = {United States},
  note         = {Accessed: 2017-2-26},
  owner        = {S17-IR-2026},
}
@article{paper-vesta,
 author = {Corbett, Peter F. and Feitelson, Dror G.},
 title = {The Vesta Parallel File System},
 journal = {ACM Trans. Comput. Syst.},
 issue_date = {Aug. 1996},
 volume = {14},
 number = {3},
 month = aug,
 year = {1996},
 issn = {0734-2071},
 pages = {225--264},
 numpages = {40},
 url = {http://doi.acm.org/10.1145/233557.233558},
 doi = {10.1145/233557.233558},
 acmid = {233558},
 publisher = {ACM},
 address = {New York, NY, USA},
 note         = {Accessed: 2017-2-26},
 owner        = {S17-IR-2026},
 keywords = {data partitioning, parallel computing, parallel file system},
}

@inproceedings{paper-gallery,
 author = {Nieuwejaar, Nils and Kotz, David},
 title = {The Galley Parallel File System},
 booktitle = {Proceedings of the 10th International Conference on Supercomputing},
 series = {ICS '96},
 year = {1996},
 isbn = {0-89791-803-7},
 location = {Philadelphia, Pennsylvania, USA},
 pages = {374--381},
 numpages = {8},
 url = {http://doi.acm.org/10.1145/237578.237639},
 doi = {10.1145/237578.237639},
 acmid = {237639},
 publisher = {ACM},
 address = {New York, NY, USA},
 note         = {Accessed: 2017-2-26},
 owner        = {S17-IR-2026},
} 


@InProceedings{paper-farsite,
  author    = {Adya, Atul and Bolosky, Bill and Castro, Miguel and Chaiken, Ronnie and Cermak, Gerald and Douceur, John (JD) and Howell, Jon and Lorch, Jay and Theimer, Marvin and Wattenhofer, Roger and},
  title     = {FARSITE: Federated, available, and reliable storage for an incompletely trusted environment},
  booktitle = {Proceedings of the 5th Symposium on Operating Systems Design and Implementation (OSDI)},
  year      = {2002},
  pages     = {1â€“14},
  address   = {Boston, MA},
  month     = {December},
  publisher = {USENIX},
  note         = {Accessed: 2017-2-26},
  owner        = {S17-IR-2026},
  url={https://www.usenix.org/legacy/events/osdi02/tech/full_papers/adya/adya.pdf},
}

@Article{paper-oceanstore,
  author     = {Kubiatowicz, John and Bindel, David and Chen, Yan and Czerwinski, Steven and Eaton, Patrick and Geels, Dennis and Gummadi, Ramakrishan and Rhea, Sean and Weatherspoon, Hakim and Weimer, Westley and Wells, Chris and Zhao, Ben},
  title      = {OceanStore: An Architecture for Global-scale Persistent Storage},
  journal    = {SIGPLAN Not.},
  year       = {2000},
  volume     = {35},
  number     = {11},
  pages      = {190--201},
  month      = nov,
  issn       = {0362-1340},
  acmid      = {357007},
  address    = {New York, NY, USA},
  doi        = {10.1145/356989.357007},
  issue_date = {Nov. 2000},
  numpages   = {12},
  publisher  = {ACM},
  note         = {Accessed: 2017-2-26},
  owner        = {S17-IR-2026},
  url        = {http://doi.acm.org/10.1145/356989.357007},
}

@book{report-Swift,
  title={Swift: Using distributed disk striping to provide high I/O data rates},
  author={Cabrera, Luis-Felipe and Long, Darrell DE},
  volume={8523},
  year={1991},
  url = {https://www.researchgate.net/profile/Darrell_Long2/publication/2752148_Swift_Using_Distributed_Disk_Striping_to_Provide_High_IO_Data_Rates/links/09e415060773f188dd000000.pdf},
  publisher={University of California, Santa Cruz, Computer Research Laboratory},
  note         = {Accessed: 2017-2-26},
  owner        = {S17-IR-2026},
}

@article{mag-pvfs,
  title={A next-generation parallel file system for Linux cluster.},
  author={Latham, Rob and Miller, Neil and Ross, Robert and Carns, Phil and others},
  journal={LinuxWorld Mag.},
  volume={2},
  number={ANL/MCS/JA-48544},
  year={2004},
  note         = {Accessed: 2017-2-26},
  owner        = {S17-IR-2026},
  publisher={Argonne National Laboratory (ANL)}
}
