@Misc{wiki-gossip,  
  Title        = {Gossip Protocol},
  Author       = {Wikipedia},
  HowPublished = {Web Page},
  Month        = Jan,
  Note         = {accessed: 2017-01-11},
  Year         = {2017},
  Owner        = {S17-IO-3015},
  Url          = {https://en.wikipedia.org/wiki/Gossip_protocol},
}

@Misc{wiki-columnfamily,  
  Title        = {Column Family},
  Author       = {Wikipedia},
  HowPublished = {Web Page},
  Month        = Jan,
  Note         = {accessed: 2017-01-11},
  Year         = {2017},
  Owner        = {S17-IO-3015},
  Url          = {https://en.wikipedia.org/wiki/Column_family},
}

@Misc{wiki-cap-thrm,  
  Title        = {Cap Theorem},
  Author       = {Wikipedia},
  HowPublished = {Web Page},
  Month        = Jan,
  Note         = {accessed: 2017-04-17},
  Year         = {2017},
  Owner        = {S17-IO-3015},
  Url          = {https://en.wikipedia.org/wiki/CAP_theorem},
}

@Misc{www-dzone,  
  Title        = {Introduction To Cassandra},
  Author       = {{Akhil Mehera / Dzone}},
  HowPublished = {Web Page},
  Month        = Apr,
  Note         = {accessed: 2015-04-06},
  Year         = {2015},
  Owner        = {S17-IO-3015},
  Url          = {https://dzone.com/articles/introduction-apache-cassandras},
}