@Misc{Weather-Data,
  Title                    = {Weather Data},
  HowPublished             = {Web page},
  Url                      = {https://www.ncdc.noaa.gov/}
}

@Misc{Disaster-List-Data,
  Title                    = {Natural Disaster},
  HowPublished             = {Web page},
  Url                      = {http://www.emdat.be/}
}

@Misc{Geo-Magnetic-Data,
  Title                    = {Geo Magnetic Field Data},
  HowPublished             = {Web page},
  Url                      = {https://geohazards.usgs.gov/mailman/listinfo/geomag-data}
}

@Misc{www-ncdc,
  Title                    = {NCDC Rest Api},
  HowPublished             = {Web page},
  Month                    = Jan,
  Note                     = {accessed: 2017-04-25},
  Year                     = {2017},
  Owner                    = {S17-IO-3015},
  Url                      = {https://www.ncdc.noaa.gov/cdo-web/webservices/v2}
}

@Misc{thrift-python-install,  
  Title        = {Install Apache Thrift with Python},
  Author       = {BRUNDESH},
  HowPublished = {Web Page},
  Month        = Jan,
  Note         = {accessed: 2016-01-25},
  Year         = {2017},
  Owner        = {S17-IO-3015},
  Url          = {https://acadgild.com/blog/connecting-hbase-with-python-application-using-thrift-server/},
}

@Misc{apache-thrift-install,  
  Title        = {Install Apache Thrift},
  Author       = {Apache},
  HowPublished = {Web Page},
  Month        = Jan,
  Year         = {2016},
  Owner        = {S17-IO-3015},
  Url          = {https://thrift.apache.org/tutorial/},
}

@Misc{happybase-install,  
  Title        = {Install Happybase},
  Author       = {Happybase},
  HowPublished = {Web Page},
  Month        = Apr,
  Year         = {2017},
  Owner        = {S17-IO-3015},
  Url          = {https://happybase.readthedocs.io/en/latest/installation.html},
}

@Misc{hbase,  
  Title        = {Apache Hbase},
  Author       = {Apache Hbase},
  HowPublished = {Web Page},
  Month        = Apr,
  Year         = {2017},
  Owner        = {S17-IO-3015},
  Note         = {accessed: 2017-04-27},
  Url          = {https://hbase.apache.org/},
}