@Misc{www-graylogprocessing-severalnines,
  Title                    = {High Availibility Log Processing with Graylog,MongoDB and Elastic Search},

  Author                   = {Severalnines},
  HowPublished             = {webpage},
  Month                    = {Mar},
  Note                     = {Accessed : 03-19-2017},
  Year                     = {2016},

 
  Owner                    = {S17-IR-2036},
  Url                      = {https://severalnines.com/blog/high-availability-log-processing-graylog-mongodb-and-elasticsearch}
}

@Misc{www-graylog-crunchbase,
  Title                    = {Graylog},
  Key                      = {Graylog Crunchbase},
  HowPublished             = {webpage},
  Note                     = {Accessed : 03-20-2017},
  Owner                    = {S17-IR-2036},
  Url                      = {https://www.crunchbase.com/organization/graylog#/entity}
}

@Misc{www-graylog-docs,
  Title                    = {Architectural consideration - Graylog 2.2.1 documentation},
  Key                      = {Graylog Docs},
  HowPublished             = {webpage},
  Note                     = {Accessed : 03-19-2017},
  Owner                    = {S17-IR-2036},
  Url                      = {http://docs.graylog.org/en/2.2/pages/architecture.html}
}

@Misc{www-graylog-org,
  Title                    = {Graylog | Open Source Log Management},
  Key                      = {Graylog Org},
  HowPublished             = {webpage},
  Note                     = {Accessed : 03-19-2017},
  Owner                    = {S17-IR-2036},
  Url                      = {https://www.graylog.org/}
}

@Misc{www-graylog-sending_data,
  Title                    = {Sending in log data - Graylog 2.2.1 documentation},
  Key                      = {Graylog sending data},
  HowPublished             = {webpage},
  Note                     = {Accessed : 03-20-2017},
  Owner                    = {S17-IR-2036},
  Url                      = {http://docs.graylog.org/en/2.2/pages/sending_data.html}
}

@Misc{www-graylog-alerts,
  Title                    = {Alerts - Graylog 2.2.1 documentation},
  Key                      = {Graylog alerts},
  HowPublished             = {webpage},
  Note                     = {Accessed : 03-20-2017},
  Owner                    = {S17-IR-2036},
  Url                      = {http://docs.graylog.org/en/2.2/pages/streams/alerts.html}
}

@Misc{www-graylog-streams,
  Title                    = {Streams - Graylog 2.2.1 documentation},
  Key                      = {Graylog streams},
  HowPublished             = {webpage},
  Note                     = {Accessed : 03-20-2017},
  Owner                    = {S17-IR-2036},
  Url                      = {http://docs.graylog.org/en/2.2/pages/streams.html}
}

@Misc{www-graylog-dashboards,
  Title                    = {Dashboards - Graylog 2.2.1 documentation},
  Key                      = {Graylog dashboards},
  HowPublished             = {webpage},
  Note                     = {Accessed : 03-20-2017},
  Owner                    = {S17-IR-2036},
  Url                      = {http://docs.graylog.org/en/2.2/pages/dashboards.html}
}

@Misc{www-graylog-blacklisting,
  Title                    = {Blacklisting - Graylog 2.2.1 documentation},
  Key                      = {Graylog blacklisting},
  HowPublished             = {webpage},
  Note                     = {Accessed : 03-20-2017},
  Owner                    = {S17-IR-2036},
  Url                      = {http://docs.graylog.org/en/2.2/pages/blacklisting.html}
}

@Misc{www-graylog-restapi,
  Title                    = {Graylog REST API - Graylog 2.2.1 documentation},
  Key                      = {Graylog REST API},
  HowPublished             = {webpage},
  Note                     = {Accessed : 03-21-2017},
  Owner                    = {S17-IR-2036},
  Url                      = {http://docs.graylog.org/en/2.2/pages/configuration/rest_api.html}
}