@ARTICLE{DockerandtheLinuxcontainerecosystem,
  author = {Janakiram MSV},
  title = {Docker and the Linux container ecosystem},
  owner = {S17-IO-3008},
  timestamp = {2017.02.28},
  url = {www.gigaom.com/report/docker-and-the-current-linux-container-ecosystem}
}

@ARTICLE{ECS,
  title = {ECS},
  owner = {S17-IO-3008},
  timestamp = {2017.02.28},
  url = {www.aws.amazon.com/ecs/}
}

@ARTICLE{Manila,
  title = {Big Data Analytics and Docker: The Thrilla in Manila},
  owner = {S17-IO-3008},
  timestamp = {2017.02.28},
  url = {www.openstack.org/videos/vancouver-2015/big-data-analytics-and-docker-the-thrilla-in-manila}
}

@ARTICLE{SandBox,
  author = {Mark Balkenende},
  title = {Choose Your Own Big Data Adventure: Getting Started with Talend's New Big Data Sandbox},
  year = {2016},
  month = {September},
  owner = {S17-IO-3008},
  timestamp = {2017.02.28},
  url = {www.talend.com/blog/2016/09/20/choose-your-own-big-data-adventure-getting-started-with-talends-new-big-data}
}

@ARTICLE{SA,
  title = {SA Home Loans Adopts Microservices And Deploys 20-30 Times a Day With Docker Datacenter},
  owner = {S17-IO-3008},
  timestamp = {2017.02.28},
  url = {www.docker.com/sites/default/files/DOC_SA_CaseStudy_04252015_V2%20%282%29%5B2%5D.pdf}
}

@ARTICLE{Alternate-Container,
  author = {Mark Betz},
  title = {Five alternatives to Docker you should consider},
  owner = {S17-IO-3008},
  timestamp = {2017.02.28},
  url = {http://searchcloudapplications.techtarget.com/tip/Five-development-containers-to-consider-that-arent-Docker}
}

@ARTICLE{Production-Hadoop-Cluster,
  author = {Nasser Manesh},
  title = {Running Production Hadoop Clusters in Docker Containers},
  owner = {S17-IO-3008},
  timestamp = {2017.02.28},
  url = {https://conferences.oreilly.com/strata/big-data-conference-ca-2015/public/schedule/detail/38521}
}
