

@article{meng2016mllib,
  title={Mllib: Machine learning in apache spark},
  author={Meng, Xiangrui and Bradley, Joseph and Yavuz, Burak and Sparks, Evan and Venkataraman, Shivaram and Liu, Davies and Freeman, Jeremy and Tsai, DB and Amde, Manish and Owen, Sean and others},
  journal={Journal of Machine Learning Research},
  volume={17},
  number={34},
  pages={1--7},
  year={2016}
}

@misc{www-keystoneml1,
  title = {{KeystoneML}},
  url = {http://keystone-ml.org/programming_guide.html},
  urldate = {2017-03-29},
  file = {KeystoneML:files/47/programming_guide.html:text/html}
}

@misc{www-keystoneml,
  title = {{KeystoneML}},
  url = {http://keystone-ml.org/},
  urldate = {2017-03-29},
  file = {KeystoneML:files/49/keystone-ml.org.html:text/html}
}





