@InProceedings{las14cloudmeshmultiple,
  title =	 {{Accessing Multiple Clouds with Cloudmesh}},
  author =	 {von Laszewski, Gregor and Wang, Fugang and Lee,
                  Hyungro and Chen, Heng and Fox, Geoffrey C.},
  booktitle =	 {Proceedings of the 2014 ACM International Workshop
                  on Software-defined Ecosystems},
  year =	 2014,
  address =	 {New York, NY, USA},
  pages =	 {21--28},
  publisher =	 {ACM},
  series =	 {BigSystem '14},
  acmid =	 2609638,
  doi =		 {10.1145/2609441.2609638},
  isbn =	 {978-1-4503-2909-5},
  keywords =	 {cloud computing},
  location =	 {Vancouver, BC, Canada},
  numpages =	 8,
  url =		 {http://doi.acm.org/10.1145/2609441.2609638}
}

@misc{www-i524,
  author =	 {{Gregor von Laszewski and Badi Abdul-Wahid}},
  title =	 {{Big Data Classes}},
  url =		 {https://cloudmesh.github.io/classes/},
  howpublished = {Web Page},
  address =	 {Indiana University},
  year =	 2017,
  month =	 jan
}

@Misc {www-underscore,
  key =		 {google},
  howpublished = {Web Page},
  url =		 {http://www.google.com/some_underscore}
}

@Misc{www-cachinglayer-cbsinc,
  Title                    = {Managed Caching Layer Architecture},
  Author                   = {{Couchbase, Inc.}},
  HowPublished             = {Web page},
  Month                    = {feb},
  Note                     = {Online; accessed 19-feb-2017},
  Year                     = {2017},
  Owner                    = {S17-IO-3010},
  Timestamp                = {2017.02.19},
  Url                      = {https://developer.couchbase.com/documentation/server/current/architecture/managed-caching-layer-architecture.html}
}

@Misc{www-components-cbsinc,
  Title                    = {Distributed Data Management},
  Author                   = {{Couchbase, Inc.}},
  HowPublished             = {Web page},
  Month                    = {feb},
  Note                     = {Online; accessed 19-feb-2017},
  Year                     = {2017},
  Owner                    = {S17-IO-3010},
  Timestamp                = {2017.02.19},
  Url                      = {https://developer.couchbase.com/documentation/server/4.6/concepts/distributed-data-management.html}
}

@Misc{www-sdklist-cbsinc,
  Title                    = {Start Using the SDK},
  Author                   = {{Couchbase, Inc.}},
  HowPublished             = {Web page},
  Month                    = {feb},
  Note                     = {accessed 23-feb-2017},
  Year                     = {2017},
  Owner                    = {S17-IO-3010},
  Timestamp                = {2017.02.19},
  Url                      = {https://developer.couchbase.com/documentation/server/4.6/sdk/java/start-using-sdk.html}
}

@Misc{www-clustermanager-cbsinc,
  Title                    = {Cluster Manager},
  Author                   = {{Couchbase, Inc.}},
  HowPublished             = {Web page},
  Month                    = {feb},
  Note                     = {Online; accessed 20-feb-2017},
  Year                     = {2017},
  Owner                    = {S17-IO-3010},
  Timestamp                = {2017.02.20},
  Url                      = {https://developer.couchbase.com/documentation/server/4.6/architecture/cluster-manager.html}
}

@Misc{www-architecture-cbsinc,
  Title                    = {Couchbase Server Architecture},
  Author                   = {{Couchbase, Inc.}},
  HowPublished             = {Web page},
  Month                    = {feb},
  Note                     = {Online; accessed 20-feb-2017},
  Year                     = {2017},
  Owner                    = {S17-IO-3010},
  Timestamp                = {2017.02.20},
  Url                      = {https://developer.couchbase.com/documentation/server/4.0/architecture/architecture-intro.html}
}

@Misc{www-viewsindexing-cbsinc,
  Title                    = {Views, indexing, and index service},
  Author                   = {{Couchbase, Inc.}},
  HowPublished             = {Web page},
  Month                    = {feb},
  Note                     = {Online; accessed 20-feb-2017},
  Year                     = {2017},
  Owner                    = {S17-IO-3010},
  Timestamp                = {2017.02.20},
  Url                      = {https://developer.couchbase.com/documentation/server/4.0/architecture/views-indexing-index-service.html}
}

@Misc{www-bplustrie-cbsinc,
  Title                    = {Storage Architecture},
  Author                   = {{Couchbase, Inc.}},
  HowPublished             = {Web page},
  Month                    = {feb},
  Note                     = {accessed 21-feb-2017},
  Year                     = {2017},
  Owner                    = {S17-IO-3010},
  Timestamp                = {2017.02.21},
  Url                      = {https://developer.couchbase.com/documentation/server/4.6/architecture/storage-architecture.html}
}

@Misc{www-stackoverflow-cbs,
  Title                    = {I am studying couchbase, can anyone exlain what exactly is bucket and vbucket?},
  Author                   = {{User Milan}},
  HowPublished             = {Web page},
  Month                    = {aug},
  Note                     = {accessed 2017-02-23},
  Year                     = {2016},
  Comment                  = {The user answer references http://training.couchbase.com/online, but that site no longer contains the ASCII art shown in the answer.},
  Owner                    = {S17-IO-3010},
  Timestamp                = {2017.02.23},
  Url                      = {http://stackoverflow.com/questions/20092214/i-am-studing-couchbase-can-anyone-exlain-what-exactly-is-bucket-and-vbucket}
}

@Misc{www-queries-cbsinc,
  Title                    = {Query Data and Query Data Service},
  Author                   = {{Couchbase, Inc.}},
  HowPublished             = {Web page},
  Month                    = {feb},
  Note                     = {accessed 21-feb-2017},
  Year                     = {2017},
  Owner                    = {S17-IO-3010},
  Timestamp                = {2017.02.21},
  Url                      = {https://developer.couchbase.com/documentation/server/4.6/architecture/querying-data-and-query-data-service.html}
}

@Misc{www-xdcr-cbsinc,
  Title                    = {Cross Datacenter Replication (XDCR)},
  Author                   = {{Couchbase, Inc.}},
  HowPublished             = {Web page},
  Month                    = {feb},
  Note                     = {accessed 23-feb-2017},
  Year                     = {2017},
  Owner                    = {S17-IO-3010},
  Timestamp                = {2017.02.23},
  Url                      = {https://developer.couchbase.com/documentation/server/4.6/xdcr/xdcr-intro.html}
}

@Misc{www-webconsole-cbsinc,
  Title                    = {Couchbase Web Console},
  Author                   = {{Couchase, Inc.}},
  HowPublished             = {Web page},
  Month                    = {feb},
  Note                     = {accessed 23-feb-2017},
  Year                     = {2017},
  Owner                    = {S17-IO-3010},
  Timestamp                = {2017.02.24},
  Url                      = {https://developer.couchbase.com/documentation/server/current/admin/ui-intro.html}
}

@Misc{www-cli-cbsinc,
  Title                    = {Browser and CLI Access},
  Author                   = {{Couchbase, Inc.}},
  HowPublished             = {Web page},
  Month                    = {feb},
  Note                     = {accessed 23-feb-2017},
  Year                     = {2017},
  Owner                    = {S17-IO-3010},
  Timestamp                = {2017.02.24},
  Url                      = {https://developer.couchbase.com/documentation/server/4.6/sdk/webui-cli-access.html}
}

@Misc{www-downloads-cbsinc,
  Title                    = {Couchbase Server \& N1QL},
  Author                   = {{Couchbase, Inc.}},
  HowPublished             = {Web page},
  Month                    = {feb},
  Note                     = {accessed 23-feb-2017},
  Year                     = {2017},
  Owner                    = {S17-IO-3010},
  Timestamp                = {2017.02.24},
  Url                      = {https://www.couchbase.com/downloads}
}

@Misc{www-cbsintro-cbsinc,
  Title                    = {Why Couchbase?},
  Author                   = {{Couchbase, Inc}},
  HowPublished             = {Web page},
  Month                    = {feb},
  Note                     = {accessed 23-feb-2017},
  Year                     = {2017},
  Owner                    = {S17-IO-3010},
  Timestamp                = {2017.02.24},
  Url                      = {https://developer.couchbase.com/documentation/server/4.6/introduction/intro.html}
}

@Misc{www-trendeddata-equifax,
  Title                    = {Fannie Mae to Introduce Equifax Trended Data and Verification Service to Underwriting Platform},
  Author                   = {{Equifax, Inc.}},
  HowPublished             = {Web page},
  Month                    = {oct},
  Note                     = {accessed 23-feb-2017},
  Year                     = {2015},
  Owner                    = {S17-IO-3010},
  Timestamp                = {2017.02.24},
  Url                      = {https://goo.gl/TCev5B}
}

@Misc{www-gsemktshare-valuewalk,
  Title                    = {Fannie Mae: Who Owns the US.. Mortgage Markets?},
  Author                   = {{ValueWalk Staff}},
  HowPublished             = {Web page},
  Month                    = {mar},
  Note                     = {accessed 23-feb-2017},
  Year                     = {2016},
  Owner                    = {S17-IO-3010},
  Timestamp                = {2017.02.24},
  Url                      = {http://www.valuewalk.com/2016/03/fannie-mae-who-owns-the-u-s-mortgage-markets/}
}

@Misc{www-fanniemae-equifax-couchbaseconnect,
  Title                    = {Connecting the Dots with Couchbase},
  Author                   = {Duraisamy, Jay and Lee, Gijun},
  Month                    = {nov},
  Note                     = {accessed 23-feb-2017},
  Year                     = {2016},
  Owner                    = {S17-IO-3010},
  Timestamp                = {2017.02.24},
  Url                      = {https://m.youtube.com/watch?list=PLcspbWiU9RuunKnZwfE757B6-xsaiJV84&v=0dKXHy6vJRA}
}

@Misc{www-linkedin-couchbaseconnect,
  Title                    = {LinkedIn: Going all in: from a single use case to many - Couchbase Connect 2016},
  Author                   = {Kehoe, Michael},
  HowPublished             = {Youtube Video},
  Month                    = {nov},
  Note                     = {accessed 23-feb-2017},
  Year                     = {2016},
  Owner                    = {S17-IO-3010},
  Timestamp                = {2017.02.24},
  Url                      = {https://m.youtube.com/watch?list=PLcspbWiU9RuunKnZwfE757B6-xsaiJV84&v=1shb4UZON_I}
}

@Misc{www-cli-intro-cbsinc,
  Title                    = {CLI Reference},
  Author                   = {{Couchbase, Inc.}},
  HowPublished             = {web page},
  Month                    = {feb},
  Note                     = {accessed 24-feb-2017},
  Year                     = {2017},
  Owner                    = {S17-IO-3010},
  Timestamp                = {2017.02.25},
  Url                      = {https://developer.couchbase.com/documentation/server/4.6/cli/cli-intro.html}
}
