@Misc{down,
  Author                   = {{Apache Flume}},
  HowPublished             = {Web Page},

  Owner                    = {S17-IR-2013},
  Timestamp                = {2017.02.27},
  Url                      = {https://flume.apache.org/download.html}
}

@Misc{git,
  Author                   = {{Apache Flume}},
  HowPublished             = {Web Page},

  Owner                    = {S17-IR-2013},
  Timestamp                = {2017.02.27},
  Url                      = {https://git-wip-us.apache.org/repos/asf?p=flume.git;a=tree;h=refs/heads/trunk;hb=trunk}
}

@Manual{user-manual,
  Title                    = {Flume User Manual},
  Author                   = {{Apache Flume}},
  Edition                  = {1.7.0},
  Organization             = {{The Apache Software Foundation}},

  Owner                    = {S17-IR-2013},
  Timestamp                = {2017.02.27},
  Url                      = {https://flume.apache.org/FlumeUserGuide.html}
}

@Manual{dev-manual,
  Title                    = {Flume Developer Manual},
  Author                   = {{Apache Flume}},
  Edition                  = {1.7.0},
  Organization             = {{The Apache Software Foundation}},

  Owner                    = {S17-IR-2013},
  Timestamp                = {2017.02.27},
  Url                      = {https://flume.apache.org/FlumeDeveloperGuide.html}
}


@Misc{cloudera,
  Title                    = {Flume User Guide},

  Author                   = {{Cloudera}},
  HowPublished             = {Web Page},
  Month                    = {March},
  Year                     = {2013},

  Owner                    = {S17-IR-2013},
  Timestamp                = {2017.02.27},
  Url                      = {http://archive.cloudera.com/cdh/3/flume/UserGuide/}
}

@Misc{flume-application,
  Title                    = {Analyzing Twitter Data with Apache Hadoop, Part 2: Gathering Data with Flume},

  Author                   = {Jon Natkins},
  HowPublished             = {Web Page},
  Month                    = {October},
  Year                     = {2012},

  Owner                    = {S17-IR-2013},
  Timestamp                = {2017.02.27},
  Url                      = {http://blog.cloudera.com/blog/2012/10/analyzing-twitter-data-with-hadoop-part-2-gathering-data-with-flume/}
}

@Misc{hadoop,
  Title                    = {Welcome to Apache Hadoop},

  Author                   = {{The Apache Software Foundation}},
  HowPublished             = {Web Page},
  Month                    = {January},
  Year                     = {2017},

  Owner                    = {S17-IR-2013},
  Timestamp                = {2017.02.27},
  Url                      = {http://hadoop.apache.org/#Getting+Started}
}

@Misc{tutorialspoint,
  Title                    = {Hadoop - Big Data Overview},

  Author                   = {{Tutorials Point}},
  HowPublished             = {Web Page},

  Owner                    = {S17-IR-2013},
  Timestamp                = {2017.02.27},
  Url                      = {https://www.tutorialspoint.com/hadoop/hadoop_big_data_overview.htm}
}

