@misc{www-tez.org,
  title =	 {{TEZ}},
  url =		 {http://www.tez.apache.org},
  howpublished = {Web Page},
  address =	 {Indiana University},
  year =	 2017,
  month =	 mar
}
@misc{www-tez,
  title =	 {{TEZ}},
  url =		 {http://www.cascading.org},
  howpublished = {Web Page},
  address =	 {Indiana University},
  year =	 2017,
  month =	 mar
}

