@Misc{www-jamesserra,
  Title                    = {What is Azure Data Factory?},

  Author                   = {James Serra},
  HowPublished             = {Web Page},
  Note                     = {Accessed: 02/03/2016},

  Owner                    = {S17-IR-2030},
  Timestamp                = {2017.02.06},
  Url                      = {http://www.jamesserra.com/archive/2014/11/what-is-azure-data-factory/}
}

@Misc{www-microsoft-azure,
  Title                    = {Introduction to Azure Data Factory Service, a data integration service in the cloud},

  Author                   = {Sharon, Lo and Sreedhar, Pelluru and Caro, Caserio},
  HowPublished             = {Web Page},
  Note                     = {Accessed: 02/03/2016},

  Owner                    = {S17-IR-2030},
  Timestamp                = {2017.02.06},
  Url                      = {https://docs.microsoft.com/en-us/azure/data-factory/data-factory-introduction}
}

@Misc{www-microsoft-azure-data,
  Title                    = {Datasets in Azure Data Factory},

  Author                   = {Sharon, Lo and Sreedhar, Pelluru and Patricia, Wagner and  Cody, Mansfield},
  HowPublished             = {Web Page},
  Note                     = {Accessed: 02/25/2016},

  Owner                    = {sowmya},
  Timestamp                = {2017.02.26},
  Url                      = {https://docs.microsoft.com/en-us/azure/data-factory/data-factory-create-datasets}
}

@Misc{www-microsoft-azure-pipelines,
  Title                    = {Pipelines and Activities in Azure Data Factory},

  Author                   = {Sharon, Lo and Sreedhar, Pelluru and Patricia, Wagnerand Robert, McMurray},
  HowPublished             = {Web Page},
  Note                     = {Accessed: 02/25/2016},

  Owner                    = {sowmya},
  Timestamp                = {2017.02.26},
  Url                      = {https://docs.microsoft.com/en-us/azure/data-factory/data-factory-create-pipelines}
}
@Misc{www-microsoft-azure-copy,
  Title                    = {Move data by using Copy Activity},

  Author                   = {Linda, Wang and Sreedhar, Pelluru and C J, Gronlund and Patricia Wagner and Harish Kumar, Agarwal},
  HowPublished             = {Web Page},
  Note                     = {Accessed: 02/25/2016},

  Owner                    = {S17-IR-2030},
  Timestamp                = {2017.02.26},
  Url                      = {https://docs.microsoft.com/en-us/azure/data-factory/data-factory-data-movement-activities}
}

@Misc{www-microsoft-azure-transform,
  Title                    = {Transform data in Azure Data Factory},

  Author                   = {Sharon, Lo and Sreedhar, Pelluru and Patricia, Wagner and Robert, McMurray},
  HowPublished             = {Web Page},
  Note                     = {Accessed: 02/25/2016},

  Owner                    = {S17-IR-2030},
  Timestamp                = {2017.02.26},
  Url                      = {https://docs.microsoft.com/en-us/azure/data-factory/data-factory-data-transformation-activities}
}
@Misc{www-microsoft-azure-hive,
  Title                    = {Transform data using Hive Activity in Azure Data Factory},

  Author                   = {Sharon, Lo and Sreedhar, Pelluru and Iain, Foulds},
  HowPublished             = {Web Page},
  Note                     = {Accessed: 02/25/2016},

  Owner                    = {S17-IR-2030},
  Timestamp                = {2017.02.26},
  Url                      = {https://docs.microsoft.com/en-us/azure/data-factory/data-factory-hive-activity}
}

@Misc{www-microsoft-azure-pig,
  Title                    = {Transform data using Pig Activity in Azure Data Factory},

  Author                   = {Sharon, Lo and Sreedhar, Pelluru and Patricia, Wagner and Robert, McMurray},
  HowPublished             = {Web Page},
  Note                     = {Accessed: 02/25/2016},

  Owner                    = {S17-IR-2030},
  Timestamp                = {2017.02.26},
  Url                      = {https://docs.microsoft.com/en-us/azure/data-factory/data-factory-pig-activity}
}

@Misc{www-microsoft-azure-hsa,
  Title                    = {Transform data using Hadoop Streaming Activity in Azure Data Factory},

  Author                   = {Sharon, Lo and Sreedhar, Pelluru and Patricia, Wagner and Robert, McMurray},
  HowPublished             = {Web Page},
  Note                     = {Accessed: 02/25/2016},

  Owner                    = {S17-IR-2030},
  Timestamp                = {2017.02.26},
  Url                      = {https://docs.microsoft.com/en-us/azure/data-factory/data-factory-hadoop-streaming-activity}
}
@Misc{www-microsoft-azure-ml,
  Title                    = {Create predictive pipelines using Azure Machine Learning and Azure Data Factory},

  Author                   = {Sharon, Lo and Sreedhar, Pelluru and Brian, Golden and Iain, Foulds},
  HowPublished             = {Web Page},
  Note                     = {Accessed: 02/25/2016},

  Owner                    = {S17-IR-2030},
  Timestamp                = {2017.02.26},
  Url                      = {https://docs.microsoft.com/en-us/azure/data-factory/data-factory-azure-ml-batch-execution-activity}
}

@Misc{www-microsoft-azure-map,
  Title                    = {Invoke MapReduce Programs from Data Factory},

  Author                   = {Sharon, Lo and Sreedhar, Pelluru and Iain, Foulds and Alma, Jenks and Jamie, Strusz},
  HowPublished             = {Web Page},
  Note                     = {Accessed: 02/25/2016},

  Owner                    = {S17-IR-2030},
  Timestamp                = {2017.02.26},
  Url                      = {https://docs.microsoft.com/en-us/azure/data-factory/data-factory-map-reduce}
}

@Misc{www-microsoft-azure-stored,
  Title                    = {SQL Server Stored Procedure Activity},

 Author                   = {Sreedhar, Pelluru and Iain, Foulds and Harish Kumar, Agarwal},
  HowPublished             = {Web Page},
  Note                     = {Accessed: 02/25/2016},

  Owner                    = {S17-IR-2030},
  Timestamp                = {2017.02.26},
  Url                      = {https://docs.microsoft.com/en-us/azure/data-factory/data-factory-stored-proc-activity}
}

@Misc{www-microsoft-azure-datalake,
  Title                    = {Transform data by running U-SQL scripts on Azure Data Lake Analytics},

  Author                   = {Sreedhar, Pelluru and Iain, Foulds and Jamie, Strusz},
  HowPublished             = {Web Page},
  Note                     = {Accessed: 02/25/2016},

  Owner                    = {S17-IR-2030},
  Timestamp                = {2017.02.26},
  Url                      = {https://docs.microsoft.com/en-us/azure/data-factory/data-factory-usql-activity}
}
@Misc{www-microsoft-azure-dotnet,
  Title                    = {Use custom activities in an Azure Data Factory pipeline},

  Author                   = {Sharon, Lo and Sreedhar, Pelluru and Patricia, Wagner and Robert, McMurray},
  HowPublished             = {Web Page},
  Note                     = {Accessed: 02/25/2016},

  Owner                    = {S17-IR-2030},
  Timestamp                = {2017.02.26},
  Url                      = {https://docs.microsoft.com/en-us/azure/data-factory/data-factory-use-custom-activities}
}
@Misc{www-microsoft-azure-rm,
  Title                    = {Azure Resource Manager overview},

  Author                   = {Tom, FitzMacken and Ralph, Squillace},
  HowPublished             = {Web Page},
  Note                     = {Accessed: 02/25/2016},

  Owner                    = {S17-IR-2030},
  Timestamp                = {2017.02.26},
  Url                      = {https://docs.microsoft.com/en-us/azure/azure-resource-manager/resource-group-overview#template-deployment}
}
@Misc{www-microsoft-azure-moniter,
  Title                    = {Monitor and manage Azure Data Factory pipelines by using the Monitoring and Management app},

  Author                   = {Sreedhar, Pelluru},
  HowPublished             = {Web Page},
  Note                     = {Accessed: 02/25/2016},

  Owner                    = {S17-IR-2030},
  Timestamp                = {2017.02.26},
  Url                      = {https://docs.microsoft.com/en-us/azure/data-factory/data-factory-monitor-manage-app}
}

@Misc{www-microsoft-azure-reco,
  Title                    = {Use Case - Product Recommendations},

  Author                   = {Sharon, Lo and Sreedhar, Pelluru and Gary, Ericson and Alma, Jenks},
  HowPublished             = {Web page},
  Note                     = {Accessed: 02/25/2016},

  Owner                    = {S17-IR-2030},
  Timestamp                = {2017.02.27},
  Url                      = {https://docs.microsoft.com/en-us/azure/data-factory/data-factory-product-reco-usecase}
}
@Misc{www-microsoft-azure-main,
  Title                    = {Overview diagram},

  Author                   = {Microsoft},
  HowPublished             = {Web Page},
  Note                     = {Accessed: 03/17/2016},

  Owner                    = {S17-IR-2030},
  Timestamp                = {2017.03.17},
  Url                      = {https://azure.microsoft.com/en-us/services/data-factory/}
}
