% Encoding: UTF-8

@InProceedings{nagios-paper-2012,
  author    = {C. Issariyapat and P. Pongpaibool and S. Mongkolluksame and K. Meesublak},
  title     = {Using Nagios as a groundwork for developing a better network monitoring system},
  booktitle = {2012 Proceedings of PICMET '12: Technology Management for Emerging Technologies},
  year      = {2012},
  pages     = {2771-2777},
  month     = {July},
  issn      = {2159-5100},
  owner     = {SP17-TS-0003},
}

@Misc{gitlabmeltdown,
  author       = {Simon Sharwood},
  title        = {GitLab.com melts down after wrong directory deleted, backups fail},
  howpublished = {Web Page},
  month        = feb,
  year         = {2017},
  owner        = {S17-TS-0003},
  url          = {https://www.theregister.co.uk/2017/02/01/gitlab_data_loss/},
}

@Book{nagios-book,
  title     = {Nagios: Building Enterprise-Grade Monitoring Infrastructures for Systems and Networks},
  publisher = {Prentice Hall Press},
  year      = {2013},
  author    = {Josephsen, David},
  address   = {Upper Saddle River, NJ, USA},
  edition   = {2nd},
  isbn      = {013313573X, 9780133135732},
  owner     = {SP17-TS-0003},
}

@Misc{www-nagios,
  author       = {{Nagios Enterprises}},
  title        = {{Nagios} components},
  howpublished = {Web Page},
  note         = {Accessed: 2017-1-11},
  owner        = {SP17-TS-0003},
  url          = {https://www.nagios.org/projects/},
}

@Misc{wiki-nagios,
  author       = {{Wikipedia}},
  title        = {Nagios},
  howpublished = {Web Page},
  month        = {Feb},
  year         = {2017},
  owner        = {S17-TS-0003},
  url          = {https://en.wikipedia.org/wiki/Nagios},
}

@Comment{jabref-meta: databaseType:bibtex;}
