@Misc{nyse-git,
  author       = {Durga Gadiraju},
  title        = {nyse},
  date         = {2014-12-28},
  howpublished = {Github repository},
  url          = {https://github.com/dgadiraju/data/tree/master/nyse},
  owner        = {S17-IR-2001},
}

@Misc{ohlc-brighthub,
  author       = {johnsinit},
  editor       = {Rebecca Scudder},
  title        = {Open High Low Close (OHLC) Chart Type},
  date         = {2011-06-28},
  howpublished = {Webpage},
  url          = {http://www.brighthub.com/money/investing/articles/33137.aspx},
  owner        = {S17-IR-2018},
}

@Misc{stockmarketanalysis,
  author       = {Curtis Miller},
  title        = {An Introduction to Stock Market Data Analysis with Python},
  date         = {2016-09-19},
  howpublished = {Webpage},
  url          = {https://ntguardian.wordpress.com/2016/09/19/introduction-stock-market-data-python-1/},
  keywords     = {Stock, Python, Trading},
  owner        = {S17-IR-2018},
}

@Misc{nyse-wiki,
  title        = {New York Stock Exchange},
  howpublished = {Webpage},
  url          = {https://en.wikipedia.org/wiki/New_York_Stock_Exchange},
  keywords     = {Merger, Control, Trading},
  owner        = {S17-IR-P014},
}