@InProceedings{las14cloudmeshmultiple,
  title =	 {{Accessing Multiple Clouds with Cloudmesh}},
  author =	 {von Laszewski, Gregor and Wang, Fugang and Lee,
                  Hyungro and Chen, Heng and Fox, Geoffrey C.},
  booktitle =	 {Proceedings of the 2014 ACM International Workshop
                  on Software-defined Ecosystems},
  year =	 2014,
  address =	 {New York, NY, USA},
  pages =	 {21--28},
  publisher =	 {ACM},
  series =	 {BigSystem '14},
  acmid =	 2609638,
  doi =		 {10.1145/2609441.2609638},
  isbn =	 {978-1-4503-2909-5},
  keywords =	 {cloud computing},
  location =	 {Vancouver, BC, Canada},
  numpages =	 8,
  url =		 {http://doi.acm.org/10.1145/2609441.2609638}
}

@Misc{www-hadoop,
	title = {{Welcome to Apache™ Hadoop®!}},
	howpublished = {Web Page},
	note = {Accessed: 2017-03-12},
	owner = {S17-IR-P004},
	author = {Apache},
	url = {http://hadoop.apache.org/}
}

@Misc{www-spark,
	title = {{Apache Spark: Lightning-fast cluster computing}},
	howpublished = {Web Page},
	note = {Accessed: 2017-03-12},
	owner = {S17-IR-P004},
	author = {Apache},
	url = {http://spark.apache.org/}
}

@Misc{www-yarn,
	title = {{Apache Hadoop YARN (Yet Another Resource Negotiator)}},
	howpublished = {Web Page},
	note = {Accessed: 2017-04-21},
	owner = {S17-IR-P004},
	author = {Apache},
	url = {http://searchdatamanagement.techtarget.com/definition/Apache-Hadoop-YARN-Yet-Another-Resource-Negotiator}
}

@Misc{www-python,
	title = {{python}},
	howpublished = {Web Page},
	note = {Accessed: 2017-03-12},
	owner = {S17-IR-P004},
	author = {Python Software Foundation},
	url = {https://www.python.org/}
}

@Misc{www-java,
	title = {{java}},
	howpublished = {Web Page},
	note = {Accessed: 2017-03-12},
	owner = {S17-IR-P004},
	author = {Oracle},
	url = {https://www.java.com/en/}
}

@Misc{www-ansible,
	title = {{ANSIBLE}},
	howpublished = {Web Page},
	note = {Accessed: 2017-03-12},
	owner = {S17-IR-P004},
	author = {Red Hat},
	url = {https://www.ansible.com/}
}

@Misc{www-chameleon,
	title = {{Chameleon}},
	howpublished = {Web Page},
	note = {Accessed: 2017-04-21},
	owner = {S17-IR-P004},
	author = {Chameleon Cloud},
	url = {https://www.chameleoncloud.org/}
}

@Misc{www-jetstream,
	title = {{Jetstream}},
	howpublished = {Web Page},
	note = {Accessed: 2017-04-21},
	owner = {S17-IR-P004},
	author = {Indiana University},
	url = {https://jetstream-cloud.org/}
}

@Misc{www-latex,
	title = {{The LATEX Project}},
	howpublished = {Web Page},
	note = {Accessed: 2017-03-12},
	owner = {S17-IR-P004},
	author = {LATEX},
	url = {https://www.latex-project.org/}
}

@Misc{www-rdd,
	title = {{Class RDD<T>}},
	howpublished = {Web Page},
	note = {Accessed: 2017-04-21},
	owner = {S17-IR-P004},
	author = {Apache},
	url = {https://spark.apache.org/docs/1.6.2/api/java/org/apache/spark/rdd/RDD.html}
}

@Misc{www-sparkcontext,
	title = {{Class RDD<T>}},
	howpublished = {Web Page},
	note = {Accessed: 2017-04-21},
	owner = {S17-IR-P004},
	author = {Apache},
	url = {https://spark.apache.org/docs/2.0.2/api/java/org/apache/spark/SparkContext.html}
}

@Misc{www-dataset,
	title = {{Diabetes 130-US hospitals for years 1999-2008 Data Set}},
	howpublished = {Web Page},
	note = {Accessed: 2017-03-12},
	owner = {S17-IR-P004},
	author = {UCI Machine Learning Repository},
	url = {https://archive.ics.uci.edu/ml/datasets/Diabetes+130-US+hospitals+for+years+1999-2008#}
}

@Misc{www-vt,
	title = {{sklearn.feature$\_$selection.VarianceThreshold}},
	howpublished = {Web Page},
	note = {Accessed: 2017-04-21},
	owner = {S17-IR-P004},
	author = {scikit-learn developers},
	url = {http://scikit-learn.org/stable/modules/generated/sklearn.feature$\_$selection.VarianceThreshold.html}
}

@Misc{www-mllib,
	title = {{Apache Spark MLlib}},
	howpublished = {Web Page},
	note = {Accessed: 2017-04-21},
	owner = {S17-IR-P004},
	author = {Apache},
	url = {http://spark.apache.org/mllib/}}
	
@Misc{www-mllibguide,
	title = {{Machine Learning Library (MLlib) Guide}},
	howpublished = {Web Page},
	note = {Accessed: 2017-04-21},
	owner = {S17-IR-P004},
	author = {Apache},
	url = {http://spark.apache.org/docs/latest/ml-guide.html}}	
	
@Misc{www-sklearn,
    title = {{scikit-learn}},
	howpublished = {Web Page},
	note = {Accessed: 2017-04-21},
	owner = {S17-IR-P004},
	author = {David Cournapeau},
	url = {http://scikit-learn.org/stable/}}
	
@Misc{www-github,
	title = {{GitHub}},
	howpublished = {Web Page},
	note = {Accessed: 2017-04-21},
	owner = {S17-IR-P004},
	author = {Tom Preston-Werner},
	url = {https://github.com/}}
	
@Misc{www-wikigit,
	title = {{GitHub}},
	howpublished = {Web Page},
	note = {Accessed: 2017-04-21},
	owner = {S17-IR-P004},
	author = {Wikipedia Inc.},
	url = {https://en.wikipedia.org/wiki/GitHub}}
	
@Misc{www-vm,
	title = {{VirtualBox}},
	howpublished = {Web Page},
	note = {Accessed: 2017-04-21},
	owner = {S17-IR-P004},
	author = {Oracle},
	url = {https://www.virtualbox.org/wiki/VirtualBox}	
}

@Misc{www-icd9,
	title = {{ICD9Data.com}},
	howpublished = {Web Page},
	note = {Accessed: 2017-04-21},
	owner = {S17-IR-P004},
	author = {U.S. Department of Health and Human Services (HHS)},
	url = {{http://www.icd9data.com/}}	
}

@Misc{www-sparkfast,
	title = {{Apache Spark}},
	howpublished = {Web Page},
	note = {Accessed: 2017-04-21},
	owner = {S17-IR-P004},
	author = {Databricks},
	url = {{https://databricks.com/spark/about}}	
}

@Article{article-hindawi,
author={Beata Strack and Jonathan P. DeShazo and Chris Gennings and others},
title = {Impact of HbA1c Measurement on Hospital Readmission Rates: Analysis of 70,000 Clinical Database Patient Records},
year = {2014},
number = {781670},
month = {{April}},
note = {Published as an Article},
url = {https://www.hindawi.com/journals/bmri/2014/781670/},
journal = {BioMed Research International},
volume={2014},
publisher = {Hindawi},
owner = {S17-IR-P004},
}




