@inproceedings{DryadMSR1,
  title  = {Dryad: distributed data-parallel programs from sequential building blocks},
  author = {Isard, Michael and Budiu, Mihai and Yu, Yuan and Birrell, Andrew and Fetterly, Dennis},
  booktitle = {ACM SIGOPS operating systems review},
  volume = {41},
  isbn = {978-1-59593-636-3},
  number = {3},
  pages = {59},
  numpages = 14,
  address =	{Lisboa-Portugal},
  keywords = {Concurrency,Distributed Programming Dataflow, Cluster Computing},
  year={2007},
  month = mar,
  organization={ACM},
  note =  {Accessed: 2017-2-24},
  owner = {S17-IR-2027},
  Url = {https://www.microsoft.com/en-us/research/wp-content/uploads/2007/03/eurosys07.pdf}
}
@inproceedings{DryadMSR2,
  title  = {Dryad: distributed data-parallel programs from sequential building blocks},
  author = {Isard, Michael and Budiu, Mihai and Yu, Yuan and Birrell, Andrew and Fetterly, Dennis},
  booktitle = {ACM SIGOPS operating systems review},
  volume = {41},
  isbn = {978-1-59593-636-3},
  number = {3},
  pages = {60-61},
  numpages = 14,
  address =	{Lisboa-Portugal},
  keywords = {Concurrency,Distributed Programming Dataflow, Cluster Computing},
  year={2007},
  month = mar,
  organization={ACM},
  note =  {Accessed: 2017-2-24},
  owner = {S17-IR-2027},
  Url = {https://www.microsoft.com/en-us/research/wp-content/uploads/2007/03/eurosys07.pdf}
}
@inproceedings{DryadMSR3,
  title  = {Dryad: distributed data-parallel programs from sequential building blocks},
  author = {Isard, Michael and Budiu, Mihai and Yu, Yuan and Birrell, Andrew and Fetterly, Dennis},
  booktitle = {ACM SIGOPS operating systems review},
  volume = {41},
  isbn = {978-1-59593-636-3},
  number = {3},
  pages = {63-64},
  numpages = 14,
  address =	{Lisboa-Portugal},
  keywords = {Concurrency,Distributed Programming Dataflow, Cluster Computing},
  year={2007},
  month = mar,
  organization={ACM},
  note =  {Accessed: 2017-2-24},
  owner = {S17-IR-2027},
  Url = {https://www.microsoft.com/en-us/research/wp-content/uploads/2007/03/eurosys07.pdf}
}
@inproceedings{DryadMSR4,
  title  = {Dryad: distributed data-parallel programs from sequential building blocks},
  author = {Isard, Michael and Budiu, Mihai and Yu, Yuan and Birrell, Andrew and Fetterly, Dennis},
  booktitle = {ACM SIGOPS operating systems review},
  volume = {41},
  isbn = {978-1-59593-636-3},
  number = {3},
  pages = {71-72},
  numpages = 14,
  address =	{Lisboa-Portugal},
  keywords = {Concurrency,Distributed Programming Dataflow, Cluster Computing},
  year={2007},
  month = mar,
  organization={ACM},
  note =  {Accessed: 2017-2-24},
  owner = {S17-IR-2027},
  Url = {https://www.microsoft.com/en-us/research/wp-content/uploads/2007/03/eurosys07.pdf}
}
@inproceedings{DryadMSR,
  title  = {Dryad: distributed data-parallel programs from sequential building blocks},
  author = {Isard, Michael and Budiu, Mihai and Yu, Yuan and Birrell, Andrew and Fetterly, Dennis},
  booktitle = {ACM SIGOPS operating systems review},
  volume = {41},
  isbn = {978-1-59593-636-3},
  number = {3},
  pages = {59--72},
  numpages = 14,
  address =	{Lisboa-Portugal},
  keywords = {Concurrency,Distributed Programming Dataflow, Cluster Computing},
  year={2007},
  month = mar,
  organization={ACM},
  note =  {Accessed: 2017-2-24},
  owner = {S17-IR-2027},
  Url = {https://www.microsoft.com/en-us/research/wp-content/uploads/2007/03/eurosys07.pdf}
}
@Misc{www-Dryad1,
  Title        = {Dryad - Microsoft Research},
  Author       = {Christophe Poulain},
  HowPublished = {Web Page},
  Year         = {2007},
  Month        = mar,
  note =  {Accessed: 2017-2-24},
  owner = {S17-IR-2027},
  Url = {https://www.microsoft.com/en-us/research/project/dryad/}
}
@Misc{www-DryadYT,
  Title        = {Dryad - Google Tech talks},
  Author       = {Michael Isard},
  HowPublished = {Web Page},
  Year         = {2007},
  Month        = Nov,
  note =  {Accessed: 2017-2-24},
  owner = {S17-IR-2027},
  Url = {https://www.youtube.com/watch?v=WPhE5JCP2Ak}
}
@Misc{www-DryadWiki,
  Title        = {Dryad (programming)-Wikipedia},
  Author       = {Wikipedia},
  HowPublished = {Web Page},
  Year         = {2016},
  Month        = Nov,
  note =  {Accessed: 2017-2-24},
  owner = {S17-IR-2027},
  Url = {https://www.microsoft.com/en-us/research/blog/dryad-and-dryadlinq-academic-accelerators-for-parallel-data-analysis/}
}
@Misc{www-DryadUse,
  Title        = {Dryad and DryadLINQ: Academic Accelerators for Parallel Data Analysis},
  Author       = {Derick Campbell},
  HowPublished = {Web Page},
  Year         = {2010},
  Month        = feb,
  note =  {Accessed: 2017-2-24},
  owner = {S17-IR-2027},
  Url = {https://www.microsoft.com/en-us/research/blog/dryad-and-dryadlinq-academic-accelerators-for-parallel-data-analysis/}
}
