@InProceedings{las14cloudmeshmultiple,
  title =	 {{Accessing Multiple Clouds with Cloudmesh}},
  author =	 {von Laszewski, Gregor and Wang, Fugang and Lee,
                  Hyungro and Chen, Heng and Fox, Geoffrey C.},
  booktitle =	 {Proceedings of the 2014 ACM International Workshop
                  on Software-defined Ecosystems},
  year =	 2014,
  address =	 {New York, NY, USA},
  pages =	 {21--28},
  publisher =	 {ACM},
  series =	 {BigSystem '14},
  acmid =	 2609638,
  doi =		 {10.1145/2609441.2609638},
  isbn =	 {978-1-4503-2909-5},
  keywords =	 {cloud computing},
  location =	 {Vancouver, BC, Canada},
  numpages =	 8,
  url =		 {http://doi.acm.org/10.1145/2609441.2609638}
}

@Misc{www-git,
	title = {{Home}},
	author = {{Mike Bostock}},
	howpublished = {Web Page},
	note = {Accessed: 2017-03-24},
	owner = {S17-IR-2035},
	url = {https://github.com/d3/d3/wiki}
}

@article{paper-d3,
  title = {D3: Data-Driven Documents},
  author = {Michael Bostock AND Vadim Ogievetsky AND Jeffrey Heer},
  journal = {IEEE Trans. Visualization \& Comp. Graphics (Proc. InfoVis)},
  year = {2011},
  url = {http://vis.stanford.edu/papers/d3}
}

@Misc{www-gallery,
	title = {{Gallery}},
	author = {{Mike Bostock}},
	howpublished = {Web Page},
	note = {Accessed: 2017-03-24},
	owner = {S17-IR-2035},
	url = {https://github.com/d3/d3/wiki/Gallery}
}

@Misc{www-cook,
	title = {{Wimbledon 2013 Data Visualisations}},
	author = {{Peter Cook}},
	howpublished = {Web Page},
	note = {Accessed: 2017-03-24},
	owner = {S17-IR-2035},
	url = {http://charts.animateddata.co.uk/tennis/index.html}
}

@Misc{www-tennis,
	title = {{Tennis-Data.co.uk}},
	author = {{Joseph}},
	howpublished = {Web Page},
	note = {Accessed: 2017-03-24},
	owner = {S17-IR-2035},
	url = {http://www.tennis-data.co.uk/wimbledon.php}
}

@Misc{www-cmt,
	title = {{Wimbledon 2013 Circular Match Tree}},
	author = {{Peter Cook}},
	howpublished = {Web Page},
	note = {Accessed: 2017-03-24},
	owner = {S17-IR-2035},
	url = {http://charts.animateddata.co.uk/tennis/matchTree.html}
}

@Misc{www-bubble,
	title = {{Wimbledon 2013 David & Goliath}},
	author = {{Peter Cook}},
	howpublished = {Web Page},
	note = {Accessed: 2017-03-24},
	owner = {S17-IR-2035},
	url = {http://charts.animateddata.co.uk/tennis/davidgoliath.html}
}

@Misc{www-hist,
	title = {{Wimbledon 2013 Top 32 Players}},
	author = {{Peter Cook}},
	howpublished = {Web Page},
	note = {Accessed: 2017-03-24},
	owner = {S17-IR-2035},
	url = {http://charts.animateddata.co.uk/tennis/top32.html}
}

@Misc{www-map,
	title = {{Earthquakes in Chile since 1900}},
	author = {{Pablo Navarro}},
	howpublished = {Web Page},
	note = {Accessed: 2017-03-24},
	owner = {S17-IR-2035},
	url = {http://pnavarrc.github.io/earthquake/}
}


@Misc{www-fdm,
	title = {{Visualizing The Racial Divide}},
	author = {{Jim Vallandingham}},
	howpublished = {Web Page},
	note = {Accessed: 2017-03-24},
	owner = {S17-IR-2035},
	url = {http://vallandingham.me/racial_divide/}
}

@Misc{www-chicago,
	title = {{Visualizing The Racial Divide}},
	author = {{Jim Vallandingham}},
	howpublished = {Web Page},
	note = {Accessed: 2017-03-24},
	owner = {S17-IR-2035},
	url = {http://vallandingham.me/racial_divide/#ch}
}

@Misc{www-mike,
	title = {{Mike Bostock}},
	author = {{Mike Bostock}},
	howpublished = {Web Page},
	note = {Accessed: 2017-03-24},
	owner = {S17-IR-2035},
	url = {https://github.com/mbostock}
}

@Misc{www-d3,
	title = {{D3 Data Driven Documents}},
	author = {{Mike Bostock}},
	howpublished = {Web Page},
	note = {Accessed: 2017-03-24},
	owner = {S17-IR-2035},
	url = {https://d3js.org/}
}

@Misc{www-av,
	title = {{Newbie to D3.js Expert: Complete path to create interactive visualization using D3.js}},
	author = {{Analytics Vidhya}},
	howpublished = {Web Page},
	note = {Accessed: 2017-03-24},
	owner = {S17-IR-2035},
	url = {https://www.analyticsvidhya.com/learning-paths-data-science-business-analytics-business-intelligence-big-data/newbie-d3-js-expert-complete-path-create-interactive-visualization-d3-js/}
}

@Misc{www-tut,
	title = {{Tutorials}},
	author = {{Mike Bostock}},
	howpublished = {Web Page},
	note = {Accessed: 2017-03-25},
	owner = {S17-IR-2035},
	url = {https://github.com/d3/d3/wiki/Tutorials}
}

