%% This BibTeX bibliography file was created using BibDesk.
%% http://bibdesk.sourceforge.net/

%% Created for xl41 at 2017-06-08 17:56:45 -0400


%% Saved with string encoding Unicode (UTF-8)


@comment{jabref-meta: databaseType:biblatex;}



@misc{www-heatmap,
	Author = {{Wikipedia}},
	Date-Added = {2017-06-08 18:14:30 +0000},
	Date-Modified = {2017-06-08 18:14:52 +0000},
	Howpublished = {Web Page},
	Title = {Heat Map},
	Year = {2017},
	Url = {https://en.wikipedia.org/wiki/Heat_map}}

@misc{www-filter,
	Author = {{Wikipedia}},
	Date-Added = {2017-06-07 20:24:26 +0000},
	Date-Modified = {2017-06-07 20:25:16 +0000},
	Howpublished = {Web Page},
	Title = {Filter (signal processing)},
	Year = {2017},
	Url = {https://en.wikipedia.org/wiki/Filter_(signal_processing)}}

@misc{www-decimation,
	Author = {{Wikipedia}},
	Date-Added = {2017-06-07 20:23:56 +0000},
	Date-Modified = {2017-06-07 20:24:24 +0000},
	Howpublished = {Web Page},
	Title = {Decimation (signal processing)},
	Year = {2017},
	Url = {https://en.wikipedia.org/wiki/Decimation_(signal_processing)}}

@misc{www-notekernelsetup,
	Author = {Alfredo Motta},
	Date-Added = {2017-06-07 18:27:36 +0000},
	Date-Modified = {2017-06-07 18:28:18 +0000},
	Howpublished = {Web Page},
	Keywords = {Python},
	Title = {Create isolated Jupyter ipython kernels with pyenv and virtualenv},
	Year = {2017},
	Url = {http://www.alfredo.motta.name/create-isolated-jupyter-ipython-kernels-with-pyenv-and-virtualenv/}}

@misc{www-chameopenstack,
	Author = {{Chamaleon}},
	Date-Added = {2017-06-07 17:16:24 +0000},
	Date-Modified = {2017-06-07 17:16:50 +0000},
	Howpublished = {Web Page},
	Title = {OpenStack KVM User Guide},
	Year = {2017},
	Url = {https://www.chameleoncloud.org/docs/user-guides/openstack-kvm-user-guide/}}

@misc{www-chamemetal,
	Author = {{Chamaleon}},
	Date-Added = {2017-06-07 17:15:15 +0000},
	Date-Modified = {2017-06-07 17:16:12 +0000},
	Howpublished = {Web Page},
	Title = {Bare Metal User Guide},
	Year = {2017},
	Url = {https://www.chameleoncloud.org/docs/bare-metal-user-guide/}}

@misc{www-openstack,
	Author = {{Openstack.org}},
	Date-Added = {2017-06-07 17:10:50 +0000},
	Date-Modified = {2017-06-07 17:11:41 +0000},
	Howpublished = {Web Page},
	Title = {What is OpenStack},
	Year = {2017},
	Url = {https://www.openstack.org/software/}}

@misc{www-ansimongo,
	Author = {{Red Hat, Inc.}},
	Date-Added = {2017-06-07 16:41:05 +0000},
	Date-Modified = {2017-06-07 18:59:31 +0000},
	Howpublished = {Web Page},
	Keywords = {mongodb},
	Title = {Deploying a sharded, production-ready MongoDB cluster with Ansible},
	Year = {2017},
	Url = {https://github.com/ansible/ansible-examples/tree/master/mongodb}}

@misc{www-shard,
	Author = {{MongoDB Inc.}},
	Howpublished = {Web Page},
	Keywords = {mongodb},
	Title = {Sharded Cluster Components},
	Year = {2017},
	Url = {https://docs.mongodb.com/manual/core/sharded-cluster-components/}}

@misc{www-obspy,
	Author = {{The ObsPy Development Team}},
	Howpublished = {Web Page},
	Keywords = {Python},
	Month = mar,
	Title = {ObsPy},
	Url = {https://github.com/obspy/obspy/wiki},
	Year = {2017}
  }

@misc{AboutAmbari,
	Author = {{Apache Software Foundation}},
	Howpublished = {Web Page},
	Title = {Ambari},
	Url = {https://ambari.apache.org/},
	Urldate = {2016-09-14},
	Year = {2016},
	Bdsk-Url-1 = {https://ambari.apache.org/}}

@misc{www-seed,
	Author = {{IRIS}},
	Date-Modified = {2017-06-05 19:19:21 +0000},
	Howpublished = {Web Page},
	Title = {{IRIS}: {SEED}},
	Url = {http://ds.iris.edu/ds/nodes/dmc/data/formats/seed/},
	Urldate = {2016-09-14},
	Year = {2016},
	Bdsk-Url-1 = {http://ds.iris.edu/ds/nodes/dmc/data/formats/seed/}}

@misc{www-pymongo,
	Author = {{MongoDB. Inc.}},
	Date-Modified = {2017-06-05 19:59:36 +0000},
	Howpublished = {Web Page},
	Keywords = {Python},
	Title = {{PyMongo} 3.4.0 Documentation --- {PyMongo} 3.4.0 documentation},
	Url = {https://api.mongodb.com/python/current/},
	Year = {2017},
	Bdsk-Url-1 = {https://api.mongodb.com/python/current/}}

@misc{www-antelope,
	Abstract = {antelope\_contrib - Contributed code for the Antelope Environmental Monitoring System from {BRTT}, Inc. (http://www.brtt.com)},
	Author = {{BRTT, Inc.}},
	Date-Modified = {2017-06-05 19:18:23 +0000},
	Howpublished = {Web Page},
	Title = {Antelope Environmental Monitoring System},
	Titleaddon = {{GitHub}},
	Url = {https://github.com/antelopeusersgroup/antelope_contrib},
	Urldate = {2016-09-14},
	Year = {2016},
	Bdsk-Url-1 = {https://github.com/antelopeusersgroup/antelope_contrib}}

@misc{www-iris,
	Author = {{IRIS}},
	Howpublished = {Web Page},
	Title = {{IRIS} - Incorporated Research Institutions for Seismology},
	Url = {https://www.iris.edu/hq/},
	Year = {2017},
	Bdsk-Url-1 = {https://www.iris.edu/hq/}}

@misc{www-ansible,
	Abstract = {Ansible seamlessly unites workflow orchestration with configuration management, provisioning, and application deployment in one platform.},
	Author = {{Red Hat Inc.}},
	Date-Modified = {2017-06-07 16:12:29 +0000},
	Howpublished = {Web Page},
	Title = {Ansible Use Cases},
	Url = {https://www.ansible.com/use-cases-overview},
	Year = {2017},
	Bdsk-Url-1 = {https://www.ansible.com/use-cases-overview}}

@misc{www-deployshard,
	Abstract = {{MongoDB} Manual 3.2 Deploy a Sharded Cluster},
	Author = {{MongoDB Inc.}},
	Date-Modified = {2017-06-05 20:10:10 +0000},
	Howpublished = {Web Page},
	Keywords = {mongodb},
	Organization = {MongoDB Inc},
	Title = {Deploy a Sharded Cluster},
	Url = {https://docs.mongodb.com/manual/tutorial/deploy-shard-cluster/},
	Year = {2017},
	Bdsk-Url-1 = {https://docs.mongodb.com/manual/tutorial/deploy-shard-cluster/}}

@misc{www-shardtutor,
	Author = {Eugene Ch'ng},
	Date-Modified = {2017-06-05 20:09:29 +0000},
	Howpublished = {Web Page},
	Keywords = {mongodb},
	Title = {{MongoDB} Sharding Tutorial 01 (Setup and Configuration)},
	Url = {https://www.youtube.com/watch?v=qYzYp1bPCPg},
	Urldate = {2016-12-03},
	Bdsk-Url-1 = {https://www.youtube.com/watch?v=qYzYp1bPCPg}}

@misc{www-chame,
	Author = {{Chamaleon}},
	Date-Modified = {2017-06-07 16:59:57 +0000},
	Howpublished = {Web Page},
	Organization = {Computation Institute, TACC, iChair, OSU, UTSA, NSF},
	Title = {About},
	Url = {https://www.chameleoncloud.org/about/chameleon/},
	Year = {2017},
	Bdsk-Url-1 = {https://www.chameleoncloud.org/}}

@misc{www-cloudmesh,
	Abstract = {Cloudmesh client is a simple client to enable access to multiple cloud environments form a command shell and commandline. It is grown out of the need to simplify access to multiple clouds for researchers and students easily. In contrast to our earlier versions of cloudmesh it explicitly separates the code to only target client code. Due to this simplification it is also possible to install the client code not only on Linux, OSX, but also Windows. We have tested the installation on Windows 10.},
	Author = {von Laszewski, Gregor},
	Date-Modified = {2017-06-05 19:38:35 +0000},
	Howpublished = {Web Page},
	Title = {Cloudmesh client},
	Url = {http://cloudmesh-client.readthedocs.io/en/latest/},
	Year = {2017},
	Bdsk-Url-1 = {http://cloudmesh-client.readthedocs.io/en/latest/}}

@misc{www-datairis,
	Author = {{IRIS}},
	Date-Modified = {2017-06-05 19:19:05 +0000},
	Howpublished = {Web Page},
	Title = {Data at IRIS},
	Url = {https://ds.iris.edu/ds/nodes/dmc/data/#requests},
	Year = {2017},
	Bdsk-Url-1 = {https://ds.iris.edu/ds/nodes/dmc/data/#requests}}

@misc{www-mongodb,
	Author = {{mongodb inc.}},
	Date-Modified = {2017-06-05 20:09:38 +0000},
	Howpublished = {Web Page},
	Keywords = {mongodb},
	Title = {mongodb},
	Url = {https://www.mongodb.com/},
	Year = {2017},
	Bdsk-Url-1 = {https://www.mongodb.com/}}

@misc{www-d3js,
	Author = {Mike Bostock},
	Date-Modified = {2017-06-05 20:10:45 +0000},
	Howpublished = {Web Page},
	Keywords = {Javascript},
	Title = {Data-Driven Documents},
	Url = {https://d3js.org/},
	Year = {2017},
	Bdsk-Url-1 = {https://d3js.org/}}

@misc{www-transarray,
	Author = {{IRIS}},
	Date-Modified = {2017-06-05 19:35:39 +0000},
	Howpublished = {Web Page},
	Title = {Transportable Array},
	Url = {http://www.usarray.org/researchers/obs/transportable},
	Year = {2017},
	Bdsk-Url-1 = {http://www.usarray.org/researchers/obs/transportable}}

@misc{www-brtt,
	Author = {{BRTT inc.}},
	Date-Modified = {2017-06-05 20:12:07 +0000},
	Howpublished = {Web Page},
	Title = {BRTT},
	Url = {http://www.brtt.com/home.html},
	Year = {2017},
	Bdsk-Url-1 = {http://www.brtt.com/home.html}}

@misc{www-mongoman,
	Author = {{MongDB inc.}},
	Date-Modified = {2017-06-05 20:09:12 +0000},
	Howpublished = {Web Page},
	Keywords = {mongodb},
	Title = {The MongoDB 3.4 Manual},
	Url = {https://docs.mongodb.com/manual/},
	Year = {2017},
	Bdsk-Url-1 = {https://docs.mongodb.com/manual/}}

@misc{www-gridfs,
	Author = {{MongoDB inc.}},
	Date-Modified = {2017-06-05 20:09:44 +0000},
	Howpublished = {Web Page},
	Keywords = {mongodb},
	Title = {GridFS},
	Url = {https://docs.mongodb.com/manual/core/gridfs/},
	Year = {2017},
	Bdsk-Url-1 = {https://docs.mongodb.com/manual/core/gridfs/}}

@misc{www-jupyter,
	Author = {{Project Jupyter}},
	Date-Modified = {2017-06-05 20:09:02 +0000},
	Howpublished = {Web Page},
	Keywords = {Python},
	Title = {Jupyter},
	Url = {http://jupyter.org/},
	Year = {2017},
	Bdsk-Url-1 = {http://jupyter.org/}}

@misc{www-pyenv,
	Author = {{Github}},
	Date-Modified = {2017-06-05 19:59:44 +0000},
	Howpublished = {Web Page},
	Keywords = {Python},
	Title = {Simple Python Version Management: pyenv},
	Url = {https://github.com/pyenv/pyenv},
	Year = {2017},
	Bdsk-Url-1 = {https://github.com/pyenv/pyenv}}

@misc{www-virtenv,
	Author = {Ian Bicking},
	Date-Modified = {2017-06-05 19:59:22 +0000},
	Howpublished = {Web Page},
	Keywords = {Python},
	Title = {Virtualenv},
	Url = {https://virtualenv.pypa.io/en/stable/},
	Year = {2017},
	Bdsk-Url-1 = {https://virtualenv.pypa.io/en/stable/}}

@misc{www-wikipip,
	Author = {{Wikipedia}},
	Date-Modified = {2017-06-05 19:59:11 +0000},
	Howpublished = {Web Page},
	Keywords = {Python},
	Title = {pip},
	Url = {https://en.wikipedia.org/wiki/Pip_(package_manager)},
	Year = {2017},
	Bdsk-Url-1 = {https://en.wikipedia.org/wiki/Pip_(package_manager)}}

@misc{www-matplot,
	Author = {{The Matplotlib development team}},
	Date-Modified = {2017-06-05 20:08:39 +0000},
	Howpublished = {Web Page},
	Keywords = {Python},
	Title = {Matplotlib},
	Url = {https://matplotlib.org/},
	Year = {2017},
	Bdsk-Url-1 = {https://matplotlib.org/}}

@misc{www-usagmv,
	Author = {{IRIS DMC}},
	Date-Modified = {2017-06-05 19:35:13 +0000},
	Doi = {doi:10.17611/DP/USAGMV.1},
	Howpublished = {Web Page},
	Title = {Data Services Products: USArrayGMV The USArray Ground Motion Visualization},
	Year = {2010},
	Bdsk-Url-1 = {http://dx.doi.org/10.17611/DP/USAGMV.1}}

@misc{www-mapboxjs,
	Author = {{mapbox inc.}},
	Date-Modified = {2017-06-05 20:11:14 +0000},
	Howpublished = {Web Page},
	Keywords = {Javascript},
	Title = {mapbox-gl-js},
	Url = {https://github.com/mapbox/mapbox-gl-js},
	Year = {2017},
	Bdsk-Url-1 = {https://github.com/mapbox/mapbox-gl-js}}

@article{article-obspy,
	Author = {Beyreuther, Moritz and Barsch, Robert and Krischer, Lion and Megies, Tobias and Behr, Yannik and Wassermann, Joachim},
	Date-Modified = {2017-06-05 20:06:14 +0000},
	Doi = {10.1785/gssrl.81.3.530},
	Eprint = {http://srl.geoscienceworld.org/content/81/3/530.full.pdf},
	Issn = {0895-0695},
	Journal = {Seismological Research Letters},
	Keywords = {Python},
	Number = {3},
	Pages = {530--533},
	Publisher = {GeoScienceWorld},
	Title = {ObsPy: A Python Toolbox for Seismology},
	Url = {http://srl.geoscienceworld.org/content/81/3/530},
	Volume = {81},
	Year = {2010},
	Bdsk-Url-1 = {http://srl.geoscienceworld.org/content/81/3/530},
	Bdsk-Url-2 = {http://dx.doi.org/10.1785/gssrl.81.3.530}}

@misc{www-leaflet,
	Author = {Vladimir Agafonkin},
	Date-Modified = {2017-06-05 20:11:33 +0000},
	Howpublished = {Web Page},
	Keywords = {Javascript},
	Title = {Leaflet},
	Url = {http://leafletjs.com/},
	Year = {2017},
	Bdsk-Url-1 = {http://leafletjs.com/}}
