
@misc{www-comp-wiki,
   author = {Wikipedia},
   title = {Comparison of FTP client software},
   year = {2017},
month={feb},
key={client},
   url = {https://en.wikipedia.org/w/index.php?title=Comparison_of_FTP_client_software&oldid=766546104},
   note = "[Online; accessed 23-February-2017]",
Owner={S17-IR-2037}
 }

@Misc{www-rfc114,
  key           = {RFC114},
  author = {J. Reynolds and J. Postel},
  month = {oct},
  year={1985},
  howpublished = {Web Page},
  note         = {Accessed: 2017-02-02},
  title        = {RFC114 specification },
  owner        = {S17-IR-2037},
  url          = {https://tools.ietf.org/html/rfc114},
}

@Misc{www-rfc959,
  key           = {RFC959},
    author = {A. Bhushan},
  month = {apr},
  year={1971},
  howpublished = {Web Page},
  note         = {Accessed: 2017-02-02},
  title        = {RFC959 specification },
  owner        = {S17-IR-2037},
  url          = {https://tools.ietf.org/html/rfc959},
}

@Misc{www-wiki-ftp,
  key           = {FTP Wikipedia},
  howpublished = {Web Page},
  note         = {Accessed: 2017-02-02},
  title        = {FTP Wikipedia},
  author = {Wikipedia},
  month={feb},
  year={2017},
  owner        = {S17-IR-2037},
  url          = {https://en.wikipedia.org/wiki/File_Transfer_Protocol},
}

 @misc{www-wiki-port,
   author = {Wikipedia},
   title = {Port (computer networking)},
   key={port},
   year = {2017},
   month={jan},
   howpublished = {Web Page},
   url = {https://en.wikipedia.org/w/index.php?title=Port_(computer_networking)&oldid=758985279},
   owner        = {S17-IR-2037},
   note = "[Online; accessed 26-February-2017]"
 }
 
  @misc{www-wiki-duplex,
     key={communication},
   author = {Wikipedia},
   title = {Duplex (telecommunications)},
   year = {2017},
   month={feb},
   howpublished = {Web Page},
   url = {https://en.wikipedia.org/w/index.php?title=Duplex_(telecommunications)&oldid=767269511},
   owner        = {S17-IR-2037},
  note         = {Accessed: 2017-02-20}
 }
 
  
  @misc{www-wiki-perf,
   author = {Wikipedia},
   title = {Performance metric},
   year = {2016},
   month={dec},
   key={metrics},
   howpublished = {Web Page},
   url = {https://en.wikipedia.org/w/index.php?title=Performance_metric&oldid=753635114},
   owner        = {S17-IR-2037},
   note = "[Online; accessed 26-February-2017]"
 }
 
  @misc{www-wiki-mft,
   author = {Wikipedia},
   title = {Managed file transfer},
   year = {2016},
   month={nov},
   key={mft},
   howpublished = {Web Page},
   url = {https://en.wikipedia.org/w/index.php?title=Managed_file_transfer&oldid=749730447},
   note = "[Online; accessed 26-February-2017]"
 }

 @misc{www-wiki-tftp,
   author = {Wikipedia},
   title = {Trivial File Transfer Protocol},
   year = {2017},
   month={feb},
   key={tftp},
   howpublished = {Web Page},
   url = {https://en.wikipedia.org/w/index.php?title=Trivial_File_Transfer_Protocol&oldid=765170292},
     owner        = {S17-IR-2037},
   note = "[Online; accessed 26-February-2017]"
 }
 
  @misc{www-wiki-sftp,
   author = {Wikipedia},
   title = {SSH File Transfer Protocol},
   year = {2016},
   month={nov},
   key={sftp},
   howpublished = {Web Page},
   url = { https://en.wikipedia.org/wiki/SSH_File_Transfer_Protocol},
     owner        = {S17-IR-2037},
   note = "[Online; accessed 26-February-2017]"
 }
 
   @misc{www-wiki-ssh,
   author = {Wikipedia},
   title = {Secure Shell},
   year = {2017},
   month={feb},
   key={ssh},
   howpublished = {Web Page},
   url = { https://en.wikipedia.org/wiki/Secure_Shell},
     owner        = {S17-IR-2037},
   note = "[Online; accessed 26-February-2017]"
 }
 
 @misc{mcwilliams2001high,
  title={High level control of file transfer protocol with capability for repeated transfer attempts},
  author={McWilliams, G.},
  url={https://www.google.com/patents/US6272547},
  year={2001},
  key={repeat},
  month={aug},
   howpublished = {Web Page},
  publisher={Google Patents},
     owner        = {S17-IR-2037},
  note={US Patent 6,272,547}
}

@misc{bahlmann2001fly,
  title={On-the-fly trivial file transfer protocol},
  author={Bahlmann, B.F. and Field, B. and Melle, C.F.},
  url={https://www.google.com/patents/US6170008},
  year={2001},
    key={fly},
  month={jan},
    howpublished = {Web Page},
  publisher={Google Patents},
      owner        = {S17-IR-2037},
  note={US Patent 6,170,008}
}

 
   @misc{www-wiki-ftpclientcomp,
   author = {Wikipedia},
   title = {Comparison of FTP client software},
   year = {2017},
   month={feb},
   key={comparison},
   howpublished = {Web Page},
   url = {https://en.wikipedia.org/wiki/Comparison_of_FTP_client_software},
     owner        = {S17-IR-2037},
   note = "[Online; accessed 26-February-2017]"
 }
