@Misc{news-social-media,
  Title                    = {Americans Spend 23 Hours Per Week Online, Texting},
  Author                   = {David Mielach},
  HowPublished             = {Web-page},
  Note                     = {Accessed mar-13-2017},
  Owner                    = {S17-IR-2013},
  Url                      = {http://www.businessnewsdaily.com/4718-weekly-online-social-media-time.html}
}

@Misc{dictionary-clickThrough,
  Title                    = {Clickthrough Rate Definition},
  Author                   = {{marketingterms.com}},
  HowPublished             = {Web-page},
  Note                     = {Accessed mar-13-2017},
  Owner                    = {S17-IR-2013},
  Url                      = {http://www.marketingterms.com/dictionary/clickthrough_rate/}
}

@Misc{wiki-clickThrough,
  Title                    = {Click-through rate},
  Author                   = {{Wikipedia}},
  HowPublished             = {Webpage},
  Note                     = {Accessed Mar-13-2017},
  Owner                    = {S17-IR-2013},
  Url                      = {https://en.wikipedia.org/wiki/Click-through_rate}
}

@Misc{kaggle-outbrain,
  Title                    = {Data Introduction},
  Author                   = {{Outbrain}},
  HowPublished             = {Webpage},
  Note                     = {Accessed Mar-13-2017},
  Owner                    = {S17-IR-2013},
  Url                      = {https://www.kaggle.com/c/outbrain-click-prediction/data}
}
@Misc{www-ansible-work,
  Title                    = {How Ansible Works},
  Author                   = {{Ansible}},
  HowPublished             = {Webpage},
  Note                     = {Accessed Apr-24-2017},
  Owner                    = {S17-IR-2013},
  Url                      = {https://www.ansible.com/how-ansible-works}
}
@Misc{www-pig-apache,
  Title                    = {Welcome to Apache Pig},
  Author                   = {{Apache Software Foundation}},
  HowPublished             = {Webpage},
  Note                     = {Accessed Apr-24-2017},
  Owner                    = {S17-IR-2013},
  Url                      = {https://pig.apache.org/}
}

@Misc{www-cm-docs,
  Title                    = {Quickstart Cloudmesh client},
  Author                   = {Gregor von Laszewski},
  HowPublished             = {Webpage},
  Note                     = {Accessed Apr-24-2017},
  Owner                    = {S17-IR-2013},
  Url                      = {http://cloudmesh-client.readthedocs.io/en/latest/quickstart.html}
}

@Misc{www-thinkbig,
  Title                    = {Intro to HDFS and MapReduce},
  Author                   = {{Teradata Corporation}},
  HowPublished             = {Webpage},
  Note                     = {Accessed Apr-24-2017},
  Owner                    = {S17-IR-2013},
  Url                      = {https://www.thinkbiganalytics.com/2013/07/12/intro-hdfs-mapreduce/}
}

@Misc{www-readwrite,
  Title                    = {Hadoop: What It Is And How It Works},
  Author                   = {Brian Proffitt},
  HowPublished             = {Webpage},
  Note                     = {Accessed Apr-24-2017},
  Owner                    = {S17-IR-2013},
  Url                      = {http://readwrite.com/2013/05/23/hadoop-what-it-is-and-how-it-works/}
}

@Misc{www-opensource,
  Title                    = {An introduction to Apache Hadoop for big data},
  Author                   = {Sachin P Bappalige},
  HowPublished             = {Webpage},
  Note                     = {Accessed Apr-24-2017},
  Owner                    = {S17-IR-2013},
  Url                      = {https://opensource.com/life/14/8/intro-apache-hadoop-big-data}
}


