@Misc{www-cloudmesh-client,
  title =        {Cloudmesh Client Framework},
  howpublished = {Github},
  author =       {von Laszewski, Gregor},
  year =         2017,
  Url =          {https://github.com/cloudmesh/client}
}

@Misc{www-cloudmesh-cmd5,
  howpublished = {Github},
  title =        {Cloudmesh CMD5},
  author =       {von Laszewski, Gregor},
  year =         2017,
  url =          {https://github.com/cloudmesh/cloudmesh.cmd5}
}

@Misc{www-cloudmesh-rest,
  title =        {Cloudmesh REST Framework},
  howpublished = {Github},
  author =       {von Laszewski, Gregor},
  url =          {https://github.com/cloudmesh/cloudmesh.rest},
  year =         2017
}


@TechReport{www-las-i524-sp17,
  author =       {Gregor von Laszewski},
  title =        {Projects in Big Data Software and Applications},
  institution =  {Indiana University},
  year =         {2017},
  OPTkey =       {},
  type =      {Class Proceedings},
  OPTnumber =    {},
  OPTaddress =   {},
  month =     {July},
  OPTnote =      {},
  OPTannote =    {},
  url={https://github.com/cloudmesh/sp17-i524/raw/master/project/projects.pdf}
}

@Misc{www-mongoComponents,
  author       = {{MongoDB}},
  title        = {Sharded Cluster Components},
  howpublished = {web page},
  month        = sep,
  year         = {2016},
  owner        = {S17-IO-3012, Mark McCombe},
  url          = {https://docs.mongodb.com/v3.2/core/sharded-cluster-components/},
  urldate      = {11/9/2016},
} 

@Misc{www-wikiOpenStack,
  author       = {{Wikipedia}},
  title        = {OpenStack},
  howpublished = {web page},
  month        = nov,
  year         = {2016},
  owner        = {S17-IO-3012, Mark McCombe},
  url          = {https://en.wikipedia.org/wiki/OpenStack},
  note         = {11/9/2016},
}

@Misc{www-sharding,
  author       = {{MongoDB}},
  title        = {Sharding},
  howpublished = {web page},
  month        = sep,
  year         = {2016},
  owner        = {S17-IO-3012, Mark McCombe},
  url          = {https://docs.mongodb.com/manual/sharding/},
  urldate      = {9/16/2016},
}

@Misc{www-shardkey,
  author       = {{MongoDB}},
  title        = {Shard Keys},
  howpublished = {web page},
  month        = sep,
  year         = {2016},
  owner        = {S17-IO-3012, Mark McCombe},
  url          = {https://docs.mongodb.com/manual/core/sharding-shard-key/},
  urldate      = {9/29/2016},
}

@Misc{www-replication,
  author       = {{MongoDB}},
  title        = {Replication},
  howpublished = {web page},
  month        = sep,
  year         = {2016},
  owner        = {S17-IO-3012, Mark McCombe},
  url          = {https://docs.mongodb.com/manual/replication/},
  urldate      = {9/30/2016},
}

@Misc{www-cloudmesh,
  author       = {von Laszewski, Gregor},
  title        = {Cloudmesh Client Toolkit},
  howpublished = {web page},
  month        = sep,
  year         = {2016},
  owner        = {S17-IO-3012, Mark McCombe},
  url          = {http://cloudmesh.github.io/client/},
  urldate      = {9/29/2016},
  
}

@Misc{www-bbos,
  author       = {{willkoky}},
  title        = {Baseball on a Stick},
  howpublished = {web page},
  month        = apr,
  year         = {2016},
  owner        = {S17-IO-3012, Mark McCombe},
  url          = {https://sourceforge.net/projects/baseballonastic/},
  urldate      = {9/29/2016},
}

@Misc{www-mongoimport,
  author       = {{MongoDB}},
  title        = {mongoimport},
  howpublished = {web page},
  month        = sep,
  year         = {2016},
  owner        = {S17-IO-3012, Mark McCombe},
  url          = {https://docs.mongodb.com/manual/reference/program/mongoimport/},
  urldate      = {9/30/2016},
}

@Misc{www-MonWiki,
  author       = {{Wikipedia}},
  title        = {Mongo},
  howpublished = {web page},
  month        = sep,
  year         = {2016},
  owner        = {S17-IO-3012, Mark McCombe},
  url          = {https://en.wikipedia.org/wiki/MongoDB},
  urldate      = {10/1/2016},
}

@Misc{www-openStackFAQ,
  author       = {{OpenStack}},
  title        = {OpenStack Community Q\&A},
  howpublished = {web page},
  month        = nov,
  owner        = {Mark McCombe},
  year         = {2016},
  owner        = {S17-IO-3012, Mark McCombe},
  url          = {https://www.openstack.org/projects/openstack-faq/},
  urldate      = {11/9/1026},
}

@Misc{www-dbEngines,
  author       = {{DB-Engines}},
  title        = {BDB-Engines Ranking},
  howpublished = {web page},
  month        = nov,
  year         = {2016},
  owner        = {S17-IO-3012, Mark McCombe},
  url          = {http://db-engines.com/en/ranking},
  urldate      = {11/29/2016},
}

@Misc{www-mongoAuth,
  author       = {{MongoDB}},
  title        = {Enable Internal Authentication},
  howpublished = {web page},
  month        = nov,
  year         = {2016},
  owner        = {S17-IO-3012, Mark McCombe},
  url          = {https://docs.mongodb.com/v3.0/tutorial/enable-internal-authentication/},
  urldate      = {11/29/2016},
}

@Misc{www-mongoDeploy,
  author       = {{MongoDB}},
  title        = {Deploy a Sharded Cluster},
  howpublished = {web page},
  month        = sep,
  year         = {2016},
  owner        = {S17-IO-3012, Mark McCombe},
  url          = {https://docs.mongodb.com/v3.2/tutorial/deploy-shard-cluster/},
  urldate      = {11/29/2016},
}

@Misc{www-shardLocal,
  author       = {Mohamed Sanaulla},
  title        = {Setting up sharded mongodb cluster in localhost},
  howpublished = {web page},
  owner        = {S17-IO-3012, Mark McCombe},
  month        = feb,
  year         = {2015},
  urldate      = {11/29/2016},
}

@Misc{www-lastChar,
  author       = {{mklement0}},
  title        = {How can I remove the last character of a file in unix?},
  howpublished = {web page},
  owner        = {F16-DG-4042, Mark McCombe},
  month        = dec,
  year         = {2014},
  url          = {http://stackoverflow.com/questions/27305177/how-can-i-remove-the-last-character-of-a-file-in-unix},
  urldate      = {11/19/2016},
}

@Misc{www-configOpts,
  author       = {{MongoDB}},
  title        = {Configuration File Options},
  howpublished = {web page},
  owner        = {S17-IO-3012, Mark McCombe},
  month        = oct,
  year         = {2016},
  url          = {http://docs.mongodb.org/manual/reference/configuration-options/},
  urldate      = {10/25/2016},
}

@Misc{www-bashArgs,
  author       = {{steeldriver}},
  title        = {Passing named arguments to shell scripts},
  howpublished = {web page},
  owner        = {S17-IO-3012, Mark McCombe},
  month        = may,
  year         = {2014},
  url          = {http://unix.stackexchange.com/questions/129391/passing-named-arguments-to-shell-scripts},
  urldate      = {11/15/2016},
}

@Misc{www-cmVms,
  author       = {von Laszewski, Gregor},
  title        = {Advanced Command Usage},
  howpublished = {web page},
  owner        = {S17-IO-3012, Mark McCombe},
  month        = jan,
  year         = {2015},
  url          = {http://cloudmesh.github.io/client/commands/command\_advanced.html},
  urldate      = {10/15/2016},
}

@Misc{www-mongoConfig,
  author       = {{MongoDB}},
  title        = {Config Servers},
  howpublished = {web page},
  owner        = {S17-IO-3012, Mark McCombe},
  month        = nov,
  year         = {2016},
  url          = {https://docs.mongodb.com/manual/core/sharded-cluster-config-servers/},
  urldate      = {11/28/2016}, 
}

@Misc{www-mongoRepDep,
  author       = {{MongoDB}},
  title        = {Replica Set Deployment Architectures},
  howpublished = {web page},
  owner        = {S17-IO-3012, Mark McCombe},
  month        = nov,
  year         = {2016},
  url          = {https://docs.mongodb.com/v3.2/core/replica-set-architectures/},
  urldate      = {11/30/2016}, 
}

@Misc{www-mongoMongos,
  author       = {{MongoDB}},
  title        = {Mongos},
  howpublished = {web page},
  owner        = {S17-IO-3012, Mark McCombe},
  month        = nov,
  year         = {2016},
  url          = {https://docs.mongodb.com/manual/reference/program/mongos/},
  urldate      = {11/30/2016}, 
}

@Misc{www-chamHardware,
  author       = {{Chameleon}},
  title        = {Hardware Description},
  howpublished = {web page},
  owner        = {S17-IO-3012, Mark McCombe},
  month        = nov,
  year         = {2016},
  url          = {https://www.chameleoncloud.org/about/hardware-description/},
  urldate      = {11/30/2016}, 
}

@Misc{www-kiloHardware,
  author       = {von Laszewski, Gregor},
  title        = {Hardware},
  howpublished = {web page},
  owner        = {S17-IO-3012, Mark McCombe},
  month        = jan,
  year         = {2013},
  url          = {http://futuregrid.github.io/manual/hardware.html},
  urldate      = {11/30/2016}, 
}

@Misc{www-python1,
  author       = {{jezrael}},
  title        = {Converting a Pandas GroupBy object to DataFrame},
  howpublished = {web page},
  owner        = {S17-IO-3012, Mark McCombe},
  month        = aug,
  year         = {2015},
  url          = {http://stackoverflow.com/questions/10373660/converting-a-pandas-groupby-object-to-dataframe},
  urldate      = {10/1/2016}, 
}

@Misc{www-python2,
  author       = {{silvio}},
  title        = {How to set 'auto' for upper limit, but keep a fixed lower limit with matplotlib.pyplot},
  howpublished = {web page},
  owner        = {S17-IO-3012, Mark McCombe},
  month        = sep,
  year         = {2015},
  url          = {http://stackoverflow.com/questions/11744990},
  urldate      = {10/1/2016}, 
}

@Misc{www-python3,
  author       = {{EdChum}},
  title        = {Pandas DataFrame to Numpy Array ValueError},
  howpublished = {web page},
  owner        = {S17-IO-3012, Mark McCombe},
  month        = aug,
  year         = {2015},
  url          = {http://stackoverflow.com/questions/31791476/pandas-dataframe-to-numpy-array-valueerror},
  urldate      = {10/1/2016}, 
}

@Misc{www-chamAbout,
  author       = {{Chameleon}},
  title        = {About},
  howpublished = {web page},
  owner        = {S17-IO-3012, Mark McCombe},
  month        = nov,
  year         = {2016},
  url          = {https://www.chameleoncloud.org/about/chameleon/},
  urldate      = {11/30/2016}, 
}

@Misc{www-futureSystems,
  author       = {{FutureSystems}},
  title        = {About},
  howpublished = {web page},
  owner        = {S17-IO-3012, Mark McCombe},
  month        = sep,
  year         = {2014},
  url          = {https://portal.futuresystems.org/about},
  urldate      = {11/30/2016}, 
}

@Misc{www-shardDist,
  author       = {{MongoDB}},
  title        = {db.collection.getShardDistribution()},
  howpublished = {web page},
  owner        = {S17-IO-3012, Mark McCombe},
  month        = nov,
  year         = {2016},
  url          = {https://docs.mongodb.com/manual/reference/method/db.collection.getShardDistribution/},
  urldate      = {11/30/2016}, 
}

@Misc{www-bashNum,
  author       = {Charles Duffy},
  title        = {How do I test if a variable is a number in bash?},
  howpublished = {web page},
  owner        = {S17-IO-3012, Mark McCombe},
  month        = apr,
  year         = {2009},
  url          = {http://stackoverflow.com/questions/806906/how-do-i-test-if-a-variable-is-a-number-in-bash},
  urldate      = {12/01/2016}, 
}

@Misc{www-jetstream1,
  author       = {{Indiana University}},
  title        = {Jetstream partners and collaborators},
  howpublished = {web page},
  owner        = {S17-IO-3012, Mark McCombe},
  year         = {2016},
  url          = {http://www.jetstream-cloud.org/partners.php},
  urldate      = {4/15/2016}, 
}

@Misc{www-jetstream2,
  author       = {{Indiana University}},
  title        = {Indiana University’s leadership role},
  howpublished = {web page},
  owner        = {S17-IO-3012, Mark McCombe},
  year         = {2016},
  url          = {http://www.jetstream-cloud.org/leadership.php},
  urldate      = {4/15/2016}, 
}


@Misc{www-jetHardware,
  author       = {{JetStream}},
  title        = {System Specs},
  howpublished = {web page},
  owner        = {S17-IO-3012, Mark McCombe},
  month        = apr,
  year         = {2016},
  url          = {http://www.jetstream-cloud.org/leadership.php},
  urldate      = {4/15/2016}, 
}

@Misc{www-installMongo,
  author       = {{MongoDB}},
  title        = {Install MongoDB Community Edition on Ubuntu},
  howpublished = {web page},

  owner        = {S17-IO-3012, Mark McCombe},
  url          = {https://docs.mongodb.com/manual/tutorial/install-mongodb-on-ubuntu/},
  urldate      = {3/16/2016},
}

@Misc{www-ansibleCopy,
  author       = {{Ansible, Inc.}},
  title        = {copy - Copies files to remote locations},
  howpublished = {web page},
  owner        = {S17-IO-3012, Mark McCombe},
  month        = apr,
  year         = {2017},
  url          = {http://docs.ansible.com/ansible/copy_module.html},
  urldate      = {3/16/2016},
}

@Misc{www-mongoAnsible,
  author       = {{El Ruso}},
  title        = {How to install MongoDB with Ansible?},
  howpublished = {web page},
  owner        = {F16-DG-4042, Mark McCombe},
  month        = feb,
  year         = {2017},
  url          = {http://stackoverflow.com/questions/37568848/how-to-install-mongodb-with-ansible},
  urldate      = {3/25/2017},
}

@Misc{www-ansibleDir,
  author       = {{leucos}},
  title        = {How to create a directory using Ansible?},
  howpublished = {web page},
  owner        = {F16-DG-4042, Mark McCombe},
  month        = apr,
  year         = {2014},
  url          = {http://stackoverflow.com/questions/22844905/how-to-create-a-directory-using-ansible},
  urldate      = {3/25/2017},
}

@Misc{www-ansibleHost,
  author       = {{Lorin Hochstein}},
  title        = {Run command on the Ansible host},
  howpublished = {web page},
  owner        = {F16-DG-4042, Mark McCombe},
  month        = sep,
  year         = {2013},
  url          = {http://stackoverflow.com/questions/18900236/run-command-on-the-ansible-host},
  urldate      = {3/25/2017},
}

@Misc{www-mongoRelease,
  author       = {{MongoDB}},
  title        = {Release Notes},
  howpublished = {web page},
  owner        = {S17-IO-3012, Mark McCombe},
  url          = {https://docs.mongodb.com/manual/release-notes/3.4/},
  urldate      = {4/18/2017},
} 

@Misc{www-wikiAnsible,
  author       = {{Wikipedia}},
  title        = {Ansible (software)},
  howpublished = {web page},
  month        = apr,
  year         = {2017},
  owner        = {S17-IO-3012, Mark McCombe},
  url          = {https://en.wikipedia.org/wiki/Ansible_(software)},
  note         = {4/20/2017},
}

@Misc{www-cmd,
  author       = {{Python Software Foundation}},
  title        = { cmd — Support for line-oriented command interpreters¶},
  howpublished = {web page},
  owner        = {S17-IO-3012, Mark McCombe},
  url          = {https://docs.python.org/2/library/cmd.html},
  note         = {4/20/2017},
}

@Misc{www-mapreduceEx,
  author       = {{MongoDB}},
  title        = {MapReduce Examples},
  howpublished = {web page},
  owner        = {S17-IO-3012, Mark McCombe},
  url          = {https://docs.mongodb.com/manual/tutorial/map-reduce-examples/},
  urldate      = {4/8/2017},
} 

@Misc{www-mapreduce,
  author       = {{MongoDB}},
  title        = {MapReduce},
  howpublished = {web page},
  owner        = {S17-IO-3012, Mark McCombe},
  url          = {https://docs.mongodb.com/manual/core/map-reduce/},
  urldate      = {4/8/2017},
} 

@Misc{www-ansiblePython,
  author       = {{gwillem}},
  title        = {Get Ansible to work on bare Ubuntu 16.04 without python 2.7},
  howpublished = {web page},
  owner        = {S17-IO-3012, Mark McCombe},
  url          = {https://gist.github.com/gwillem/4ba393dceb55e5ae276a87300f6b8e6f},
  urldate      = {4/5/2017},
} 

@InProceedings{las08federated-cloud,
  Title =	 {{Design of an Accounting and Metric-based
                  Cloud-shifting and Cloud-seeding Framework for
                  Federated Clouds and Bare-metal Environments}},
  Author =	 {von Laszewski, Gregor and Lee, Hyungro and Diaz,
                  Javier and Wang, Fugang and Tanaka, Koji and
                  Karavinkoppa, Shubhada and Fox, Geoffrey C. and
                  Furlani, Tom},
  Booktitle =	 {Proceedings of the 2012 Workshop on Cloud Services,
                  Federation, and the 8th Open Cirrus Summit},
  Year =	 2012,
  Address =	 {New York, NY, USA},
  Pages =	 {25--32},
  Publisher =	 {ACM},
  Series =	 {FederatedClouds '12},
  Acmid =	 2378982,
  Doi =		 {10.1145/2378975.2378982},
  ISBN =	 {978-1-4503-1754-2},
  Keywords =	 {cloud metric, cloud seeding, cloud shifting, dynamic
                  provisioning, federated clouds, futuregrid, rain},
  Location =	 {San Jose, California, USA},
  Numpages =	 8
}
