@Book{lucene-book,
  Title                    = {Lucene In Action},
  Author                   = {Erik Hatcher, Otis GospodnetiÄ‡},
  Publisher                = {Manning},
  Year                     = {2004},
  Edition                  = {2},
  Owner                    = {S17-IO-3015},
  Timestamp                = {2017.02.27}
}

@Misc{www-lucene-tp,
  Title                    = {Tutorialpoint},
  HowPublished             = {Web page},
  Owner                    = {S17-IO-3015},
  Timestamp                = {2017.02.27},
  Url                      = {https://www.tutorialspoint.com/lucene/index.htm}
}

@Misc{wiki-ir,
  Title                    = {Wikipedia},
  HowPublished             = {Web page},
  Abstract                 = {Concepts of Information Retrieval},
  Owner                    = {S17-IO-3015},
  Timestamp                = {2017.02.27},
  Url                      = {https://en.wikipedia.org/wiki/Information_retrieval}
}