@Misc {www-underscore,
  key =		 {google},
  howpublished = {Web Page},
  url =		 {http://www.google.com/some_underscore}
}

@Misc{www-ros-about,
  Title                    = {About {ROS}},
  Author                   = {{Open Source Robotics Foundation}},
  HowPublished             = {Web page},
  Month                    = {mar},
  Note                     = {accessed 16-mar-2017},
  Year                     = {2017},
  Owner                    = {S17-IO-3010},
  Timestamp                = {2017.03.16},
  Url                      = {http://www.ros.org/about-ros/}
}

@Misc{www-ros-why,
  Title                    = {Why {ROS}?: Is {ROS} for Me?},
  Author                   = {{Open Source Robotics Foundation}},
  HowPublished             = {Web page},
  Month                    = {mar},
  Note                     = {accessed 16-mar-2017},
  Year                     = {2017},
  Owner                    = {S17-IO-3010},
  Timestamp                = {2017.03.16},
  Url                      = {www.ros.org/is-ros-for-me/}
}

@Misc{www-wikipedia-bsd,
  Title                    = {BSD licenses --- {W}ikpedia{,} The Free Encyclopedia},
  Author                   = {Wikipedia},
  HowPublished             = {Web page},
  Month                    = {mar},
  Note                     = {accessed 16-mar-2017},
  Year                     = {2017},
  Owner                    = {S17-IO-3010},
  Timestamp                = {2017.03.16},
  Url                      = {https://en.wikipedia.org/wiki/BSD_licenses}
}

@Misc{www-ros-core-components,
  Title                    = {Why {ROS}?: Features: Core Components},
  Author                   = {{Open Source Robotics Foundation}},
  HowPublished             = {Web page},
  Month                    = {mar},
  Note                     = {accessed 17-mar-2017},
  Year                     = {2017},
  Owner                    = {S17-IO-3010},
  Timestamp                = {2017.03.17},
  Url                      = {http://www.ros.org/core-components/}
}

@Misc{www-wiki-qt,
  Title                    = {Qt (software) -- {W}ikpedia{,} The Free Encyclopedia},
  Author                   = {Wikipedia},
  HowPublished             = {Web page},
  Month                    = {mar},
  Note                     = {accessed 17-mar-2017},
  Year                     = {2017},
  Owner                    = {S17-IO-3010},
  Timestamp                = {2017.03.17},
  Url                      = {https://en.wikipedia.org/wiki/Qt_(software)}
}

@Misc{www-software-categories,
  Title                    = {A Layered Approach to Designing Robot Software},
  Author                   = {{National Instruments}},
  HowPublished             = {Web page},
  Month                    = {mar},
  Note                     = {accessed 18-mar-2017},
  Year                     = {2017},
  Owner                    = {S17-IO-3010},
  Timestamp                = {2017.03.18},
  Url                      = {http://www.ni.com/white-paper/13929/en/}
}

@Misc{www-ros-messages,
  Title                    = {{ROS} Graph Concepts: Messages},
  Author                   = {{Open Source Robotics Foundation}},
  HowPublished             = {Web page},
  Month                    = {aug},
  Note                     = {accessed 18-mar-2017},
  Year                     = {2016},
  Owner                    = {S17-IO-3010},
  Timestamp                = {2017.03.18},
  Url                      = {http://wiki.ros.org/Messages}
}

@Misc{www-ros-services,
  Title                    = {Services},
  Author                   = {{Open Source Robotics Foundation}},
  HowPublished             = {web page},
  Month                    = {feb},
  Note                     = {accessed 18-mar-2017},
  Year                     = {2012},
  Owner                    = {S17-IO-3010},
  Timestamp                = {2017.03.18},
  Url                      = {http://wiki.ros.org/Services}
}

@Misc{www-ros-actionlib,
  Title                    = {{a}ctionlib: Package Summary},
  Author                   = {{Open Source Robotics Foundation}},
  HowPublished             = {Web page},
  Month                    = {feb},
  Note                     = {accessed 18-mar-2017},
  Year                     = {2017},
  Owner                    = {S17-IO-3010},
  Timestamp                = {2017.03.18},
  Url                      = {http://wiki.ros.org/actionlib}
}

@Misc{www-ros-robot-geometry,
  Title                    = {{tf2}: Package Summary},
  Author                   = {{Open Source Robotics Foundation}},
  HowPublished             = {Web page},
  Month                    = {mar},
  Note                     = {accessed 18-mar-2017},
  Year                     = {2016},
  Owner                    = {S17-IO-3010},
  Timestamp                = {2017.03.18},
  Url                      = {http://wiki.ros.org/tf2}
}

@Misc{www-wiki-foss,
  Title                    = {Free and open-source software -- {W}ikipedia{,} The Free Encyclopedia},
  Author                   = {Wikipedia},
  HowPublished             = {Web page},
  Month                    = {mar},
  Note                     = {accessed 18-mar-2017},
  Year                     = {2017},
  Owner                    = {S17-IO-3010},
  Timestamp                = {2017.03.18},
  Url                      = {https://en.wikipedia.org/wiki/Free_and_open-source_software}
}

@Misc{www-ros-diagnostics,
  Title                    = {{d}iagnostics: Package Summary},
  Author                   = {{Open Source Robotics Foundation}},
  HowPublished             = {Web page},
  Month                    = {aug},
  Note                     = {accessed 19-mar-2017},
  Year                     = {2015},
  Owner                    = {S17-IO-3010},
  Timestamp                = {2017.03.19},
  Url                      = {http://wiki.ros.org/diagnostics}
}

@Misc{www-ros-cli,
  Title                    = {ROS Command-line Tools},
  Author                   = {{Open Source Robotics Foundation}},
  HowPublished             = {Web page},
  Month                    = {aug},
  Note                     = {accessed 19-mar-2017},
  Year                     = {2015},
  Owner                    = {S17-IO-3010},
  Timestamp                = {2017.03.19},
  Url                      = {http://wiki.ros.org/ROS/CommandLineTools}
}

@Misc{www-ros-ros-is,
  Title                    = {Open Source Robotics Foundation And The Robotics Fast Track},
  Author                   = {Hugo Boyer},
  HowPublished             = {web page},
  Month                    = {nov},
  Note                     = {accessed 19-mar-2017},
  Year                     = {2015},
  Comment                  = {preliminary citation; still  determining proper citation method;},
  Owner                    = {S17-IO-3010},
  Timestamp                = {2017.03.19},
  Url                      = {https://www.osrfoundation.org/wordpress2/wp-content/uploads/2015/11/rft-boyer.pdf}
}

@Misc{www-ros-ecosystem,
  Title                    = {Robots Using {ROS}},
  Author                   = {{Open Source Robotics Foundation}},
  HowPublished             = {Web page},
  Month                    = {mar},
  Note                     = {accessed 19-mar-2017},
  Year                     = {2017},
  Owner                    = {S17-IO-3010},
  Timestamp                = {2017.03.19},
  Url                      = {http://wiki.ros.org/Robots}
}

@Misc{www-ros-api,
  Title                    = {APIs},
  Author                   = {{Open Source Research Foundation}},
  HowPublished             = {Web page},
  Month                    = {mar},
  Note                     = {accessed 19-mar-2017},
  Year                     = {2016},
  Owner                    = {S17-IO-3010},
  Timestamp                = {2017.03.19},
  Url                      = {http://wiki.ros.org/APIs}
}

@Misc{www-ros-fetch,
  Title                    = {Automated Data Collection Platform},
  Author                   = {{Fetch Robotics, Inc.}},
  HowPublished             = {Web page},
  Month                    = {mar},
  Note                     = {accessed 19-mar-2017},
  Year                     = {2017},
  Owner                    = {S17-IO-3010},
  Timestamp                = {2017.03.19},
  Url                      = {http://fetchrobotics.com/automated-data-collection-platform/}
}

@Misc{www-ros-trax,
  Title                    = {Trax and Fetch Robotics Unite for Better Retail},
  Author                   = {{Retail Touch Points}},
  HowPublished             = {Web page},
  Month                    = {jan},
  Note                     = {accessed 19-jan-2017},
  Year                     = {2017},
  Owner                    = {S17-IO-3010},
  Timestamp                = {2017.03.19},
  Url                      = {http://www.retailtouchpoints.com/features/news-briefs/trax-and-fetch-robotics-unite-for-better-retail-insights}
}
