@Misc{www-apache-spark,
title = {Overview - Spark 2.1.0 Documentation},
key = {asf},
note ={Accessed: 03-12-2017},
howpublished ={Web Page},
author = {Apache Software Foundation},
url ={http://spark.apache.org/docs/latest/index.html}
}


@misc{www-ansible,
	
	title =	 {{Ansible Documentation}},
	url =		 {http://docs.ansible.com/ansible/index.html},
	howpublished = {Web Page},
	
}
