@InProceedings{las14cloudmeshmultiple,
  title =	 {{Accessing Multiple Clouds with Cloudmesh}},
  author =	 {von Laszewski, Gregor and Wang, Fugang and Lee,
                  Hyungro and Chen, Heng and Fox, Geoffrey C.},
  booktitle =	 {Proceedings of the 2014 ACM International Workshop
                  on Software-defined Ecosystems},
  year =	 2014,
  address =	 {New York, NY, USA},
  pages =	 {21--28},
  publisher =	 {ACM},
  series =	 {BigSystem '14},
  acmid =	 2609638,
  doi =		 {10.1145/2609441.2609638},
  isbn =	 {978-1-4503-2909-5},
  keywords =	 {cloud computing},
  location =	 {Vancouver, BC, Canada},
  numpages =	 8,
  url =		 {http://doi.acm.org/10.1145/2609441.2609638}
}

@misc{www-i524,
  author =	 {{Gregor von Laszewski and Badi Abdul-Wahid}},
  title =	 {{Big Data Classes}},
  url =		 {https://cloudmesh.github.io/classes/},
  howpublished = {Web Page},
  address =	 {Indiana University},
  year =	 2017,
  month =	 jan
}

@Misc {www-underscore,
  key =		 {google},
  howpublished = {Web Page},
  url =		 {http://www.google.com/some_underscore}
}

@Misc{www-ldap-wikipedia,
  Title =	 {Lightweight Directory Access Protocol},
  Author =	 {{Wikipedia}},
  HowPublished = {Web Page},
  Month =	 feb,
  Note =	 {Online; accessed 20-Feb-2017},
  Year =	 2017,
  Owner =	 {S17-IR-2024},
  Url =          {https://en.wikipedia.org/wiki/Lightweight_Directory_Access_Protocol}
}

@Misc{www-openldap-software,
  Title =	 {Introductions for doing Authentication with LDAP},
  Author =	 {{Simon Ritchie}},
  HowPublished = {Web Page},
  Month =	 feb,
  Note =	 {accessed 2017-02-21},
  Year =	 2000,
  Owner =	 {S17-IR-2024},
  Url =		 {http://www.openldap.org/lists/openldap-software/200010/msg00097.html}
}

@Misc{www-directory-organization,
  Title =	 {How LDAP servers organize directories},
  Author =	 {{Sun Microsystems, Inc.}},
  HowPublished = {Web Page},
  Month =	 feb,
  Note =	 {accessed 2017-02-21},
  Year =	 2006,
  Owner =	 {S17-IR-2024},
  Url =		 {https://docs.oracle.com/cd/E19203-01/819-1160-13/ldap.html}
}

@Misc{www-ldap-commands,
  Title =	 {LDAP command line tools},
  Author =	 {{Sun Microsystems, Inc.}},
  HowPublished = {Web Page},
  Month =	 feb,
  Note =	 {accessed 2017-02-21},
  Year =	 2002,
  Owner =	 {S17-IR-2024},
  Url =		 {https://docs.oracle.com/cd/B10501_01/network.920/a96579/comtools.htm}
}

@Misc{www-ldap-design,
  Title =	 {Designing and Maintaining LDAP Directory services},
  Author =	 {{Chris Wilson}},
  HowPublished = {Web Page},
  Month =	 feb,
  Note =	 {accessed 2017-02-22},
  Year =	 2012,
  Owner =	 {S17-IR-2024},
  Url =		 {https://niccs.us-cert.gov/training/search/skillsoft/designing-and-maintaining-ldap-directory-services}
}


@Book{ldap-ibm-book,
  title =	 {Understanding LDAP},
  publisher =	 {Redbooks},
  year =	 2004,
  author =	 {Tuttle, Steven and Ehlenberger, Ami and Gorthi, Ramakrishna and Leiserson, Jay and Machbeth, Richard and Owen, Nathan and Ranahandola, Sunil and Storrs, Michael and Yang, Chunhui},
  address =	 {Greenwich, CT, USA},
  edition =	 {2nd},
  isbn =	 9780738497860,
  asin =	 0672323168,
  date =	 {2004-06-01},
  owner =	 {S17-IR-2024},
  pagetotal =	 774,
  url =          {http://www.redbooks.ibm.com/pubs/pdfs/redbooks/sg244986.pdf},
}