@Misc{www-rita,
  Title        = {Airlines and Airports},
  Author 	   = {{Bureau of Transportation Statistics}},
  HowPublished = {Web Page},
  key          = {DataStore},
  Note         = {Accessed: 2017-04-22},
  Owner        = {S17-IR-P002},
  Url          = {https://www.rita.dot.gov/bts/sites/rita.dot.gov.bts/files/subject_areas/airline_information/index.html}
}
@Misc{www-acadguild,
  Title        = {Aviation Data Analysis using Apache Pig},
  Author 	   = {Sumit Anand},
  HowPublished = {Web Page},
  key          = {TutorialPage},
  Note         = {Accessed: 2017-04-22},
  Owner        = {S17-IR-P002},
  Url          = {https://acadgild.com/blog/aviation-data-analysis-using-apache-pig/}
}
@Misc{www-cham-cloud,
  Title        = {About Chameleon Cloud},
  Author 	   = {{Chameleon Cloud}},
  HowPublished = {Web Page},
  key          = {ChameleonAboutPage},
  Note         = {Accessed: 2017-04-22},
  Owner        = {S17-IR-P002},
  Url          = {https://www.chameleoncloud.org/about/chameleon/}
}
@Misc{www-had-tut-point,
  Title        = {Hadoop - Introduction to Hadoop},
  Author 	   = {{Tutorials Point}},
  HowPublished = {Web Page},
  key          = {HadoopTutorialsPoint},
  Note         = {Accessed: 2017-04-22},
  Owner        = {S17-IR-P002},
  Url          = {https://www.tutorialspoint.com/hadoop/hadoop_introduction.htm}
}


@Misc{www-aviation-price,
  Title        = {How Airlines Turned Your Vacation Plans Into a Losing Bet},
  Author 	   = {Zoglin, Richard},
  HowPublished = {Web Page},
  key          = {article},
  Month 	   = {March},
  Year		   = {2015},
  Note         = {Accessed: 2015-05-28},
  Owner        = {S17-IR-P002},
  Url          = {https://www.bloomberg.com/news/articles/2015-05-28/airline-fares-change-fee-is-focus-of-increasing-consumer-anger}
}


@Misc{www-airline,
  Title        = {Your Bad Luck Is a Windfall For Airlines},
  Author 	   = {McCartney, Scott},
  HowPublished = {Web Page},
  key          = {article},
  Month 	   = {July},
  Year		   = {2009},
  Note         = {Accessed: 2009-07-30},
  Owner        = {S17-IR-P002},
  Url          = {https://www.wsj.com/articles/SB10001424052970204563304574318212311819146}
}


@Misc{www-hdfs-arch,
  Title        = {HDFS Architecture},
  Author 	   = {Apache},
  HowPublished = {Web Page},
  key          = {notebook},
  Year		   = {2016},
  Owner        = {S17-IR-P002},
  Url          = {https://hadoop.apache.org/docs/stable/hadoop-project-dist/hadoop-hdfs/HdfsDesign.html}
}


@Article{www-aviation,
  Title        = {For the airline industry, big data is cleared for take-off},
  Author 	   = {Noyes, Katherine },
  HowPublished = {Web Page},
  key          = {blog},
  Month 	   = {June},
  Year		   = {2014},
  Note         = {Accessed: 2014-06-19},
  Owner        = {S17-IR-P002},
  Url          = {http://fortune.com/2014/06/19/big-data-airline-industry/}
}


@Misc{wiki-ansible,
  Title        = {Ansible},
  Author 	   = {Wikipedia},
  HowPublished = {Web Page},
  key          = {wiki},
  Month 	   = {April},
  Year		   = {2017},
  Note         = {Accessed: 2017-04-28},
  Owner        = {S17-IR-P002},
  Url          = {https://en.wikipedia.org/wiki/Ansible_(software)}
}


@Misc{git-ansible,
  Title        = {Ansible},
  Author 	   = {Ansible},
  HowPublished = {Web Page},
  key          = {git},
  Month 	   = {Jan},
  Year		   = {2017},
  Note         = {Accessed: 2017-01-01},
  Owner        = {S17-IR-P002},
  Url          = {https://github.com/ansible/ansible}
}


@Misc{www-ansible,
  Title        = {How Ansible works},
  Author 	   = {Ansible},
  HowPublished = {Web Page},
  key          = {git},
  Month 	   = {Jan},
  Year		   = {2017},
  Note         = {Accessed: 2017-01-01},
  Owner        = {S17-IR-P002},
  Url          = {https://www.ansible.com/how-ansible-works}
}

@Misc{www-ansible-fig,
  Title        = {The Ansible architecture},
  Author 	   = {Madhurranjan Mohaan},
  HowPublished = {Web Page},
  key          = {ansibleArchitecture},
  Note         = {Accessed: 2017-01-01},
  Owner        = {S17-IR-P002},
  Url          = {https://www.packtpub.com/mapt/book/Networking%20/9781783550630/1/ch01lvl1sec09/The+Ansible+architecture}
}


@Misc{www-hdfs-fig,
  Title        = {HDFS Architecture Guide},
  Author 	   = {Hadoop},
  HowPublished = {Web Page},
  key          = {fig},
  Month 	   = {Apr},
  Year		   = {2013},
  Note         = {Accessed: 2013-04-08},
  Owner        = {S17-IR-P002},
  Url          = {https://hadoop.apache.org/docs/r1.2.1/hdfs_design.html}
}


@Misc{www-pig-fig,
  Title        = {Apache Pig - Architecture},
  Author 	   = {TutorialPoint},
  HowPublished = {Web Page},
  key          = {fig},
  Year		   = {2017},
  Note         = {Accessed: 2017-01-01},
  Owner        = {S17-IR-P002},
  Url          = {https://www.tutorialspoint.com/apache_pig/apache_pig_architecture.htm}
}
