@Misc{www-stackoverflow-docker,
  Title =	 {How is Docker different from a normal virtual
                  machine?},
  Author =	 {{Ken Cochrane}},
  HowPublished = {Web page},
  Month =	 {apr},
  Note =	 {accessed 2017-02-23},
  Year =	 2013,
  Timestamp =	 {2017.02.23},
  Url =
                  {http://stackoverflow.com/questions/16047306/how-is-docker-different-from-a-normal-virtual-machine},
  Owner =	 {S17-IR-2021}
}

@misc{www-docker-1,
  title =	 {Who's using Docker?},
  author =	 {{opensource.com}},
  howpublished = {Web Page},
  month =	 jul,
  year =	 2014,
  note =	 {accessed 2017-2-19},
  url =
                  {https://opensource.com/business/14/7/docker-through-hype},
  Owner =	 {S17-IR-2021},
}

@misc{www-docker-2,
  title =	 {What is Docker and When to use it},
  author =	 {{CenturyLink}},
  howpublished = {Web Page},
  month =	 apr,
  year =	 2014,
  note =	 {accessed 2017-2-20},
  url =
                  {https://www.ctl.io/developers/blog/post/what-is-docker-and-when-to-use-it/},
  Owner =	 {S17-IR-2021},
}


@misc{www-docker-machine,
  title =	 {What is Docker Machine},
  author =	 {{Docker Inc}},
  howpublished = {Web Page},
  note =	 {accessed 2017-2-23},
  url =		 {https://docs.docker.com/machine/overview/},
  Owner =	 {S17-IR-2021},
}
@misc{www-docker-swarm,
  title =	 {Docker Swarm},
  author =	 {{Docker Inc}},
  howpublished = {Web Page},
  note =	 {accessed 2017-2-21},
  url =		 {https://www.docker.
  com/products/docker-swarm},
  Owner =	 {S17-IR-2021},
}

@misc{www-docker-3,
  title =	 {8 Surprising facts about Real Docker Adoption},
  author =	 {{DATADOG}},
  howpublished = {Web Page},
  note =	 {accessed 2017-2-23},
  url =		 {https://www.datadoghq/com/docker-adoption/},
  Owner =	 {S17-IR-2021},
}

@misc{www-devops,
  title =	 {What is DevOps},
  author =	 {{the agile admin}},
  howpublished = {Web Page},
  note =	 {accessed 2017-3-13},
  url =		 {https://theagileadmin.com/what-is-devops/},
  Owner =	 {S17-IR-2021},
}
