@Misc{www-nova-wiki,
  review = {},
  title =	 {OpenStack Nova Wikipedia},
  author= {Wikipedia},
  howpubished =	 {Web Page},
  owner =	 {S17-IR-2031},
  note =	 {Accessed: 03-23-2017},
  url =		 {https://en.wikipedia.org/wiki/OpenStack}
}



@Misc{www-nova-ibm,
  review = {},
  title =	 {OpenStack Nova IBM},
  author= {IBM Developers},
  howpubished =	 {Web Page},
  owner =	 {S17-IR-2031},
  note =	 {Accessed: 03-23-2017},
  url =		 {https://www.ibm.com/developerworks/cloud/library/cl-openstack-pythonapis/}
}

@Misc{www-nova-official,
  review = {},
  title =	 {OpenStack Nova Official},
  author= {OpenStack},
  howpubished =	 {Web Page},
  owner =	 {S17-IR-2031},
  note =	 {Accessed: 03-23-2017},
  url =		 {https://docs.openstack.org/developer/nova/architecture.html}
}


@Misc{www-nova-pepple,
  review = {},
  title =	 {OpenStack Nova On Pepple website},
  author= {Pepple Website},
  howpubished =	 {Web Page},
  owner =	 {S17-IR-2031},
  note =	 {Accessed: 03-23-2017},
  url =		 {http://ken.pepple.info/openstack/2011/04/22/openstack-nova-architecture/}
}


@Misc{www-nova-schedular,
  review = {},
  title =	 {OpenStack Nova Schedular},
  author= {OpenStack Website},
  howpubished =	 {Web Page},
  owner =	 {S17-IR-2031},
  note =	 {Accessed: 03-23-2017},
  url =		 {https://docs.openstack.org/kilo/config-reference/content/section_compute-scheduler.html }
}
@Misc{www-nova-pic,
  review = {},
  title =	 {OpenStack Nova Bigdata},
  author= {Wikipedia},
  howpubished =	 {Web Page},
  owner =	 {S17-IR-2031},
  note =	 {Accessed: 03-23-2017},
  url =		 {https://en.wikipedia.org/wiki/OpenStack}
}



@Misc{www-nova-orchestrator,
  review = {},
  title =	 {OpenStack Nova Orchestrator},
  author= {OpenStack Website},
  howpubished =	 {Web Page},
  owner =	 {S17-IR-2031},
  note =	 {Accessed: 03-23-2017},
  url =		 {https://docs.openstack.org/developer/nova/conductor.html}
}

@Misc{www-nova-bigdata,
  review = {},
  title =	 {OpenStack Nova Bigdata},
  author= {OpenStack Website},
  howpubished =	 {Web Page},
  owner =	 {S17-IR-2031},
  note =	 {Accessed: 03-23-2017},
  url =		 {https://www.openstack.org/summit/san-diego-2012/openstack-summit-sessions/presentation/big-data-on-openstack-a-rackspace-use-case}
}


@Misc{www-nova-amqp,
  review = {},
  title =	 {OpenStack Nova AMQP},
  author= {OpenStack Website},
  howpubished =	 {Web Page},
  owner =	 {S17-IR-2031},
  note =	 {Accessed: 03-23-2017},
  url =		 {https://docs.openstack.org/developer/nova/rpc.html}
}