@InBook{Workflow-book,
  pages     = {462-471},
  title     = {Workflows for e-Science},
  publisher = {Springer},
  year      = {2006},
  author    = {Ian Taylor and Ewa Deelman and Dennis Gannon and Matthew Shields},
  owner     = {S17-IR-2022},
}

@Misc{Austrian-grid,
  title        = {Austrian-Grid-Project},
  howpublished = {Web Page},
  note         = {Accessed: 2017-3-20},
  key          = {Grid-List},
  owner        = {S17-IR-2022},
  url          = {http://austriangrid.at},
}

@InBook{RMBDP-Book,
  pages     = {49-50},
  title     = {Resource Management for Big Data Platforms},
  publisher = {Springer Nature},
  year      = {2016},
  editor    = {Florin Pop and Joanna Kolodziej and Beniamino DiMartino},
  owner     = {S17-IR-2022},
}

@InProceedings{ASKALON-Big-data-project,
  author    = {Gabriela Morar and Felix Schuller and Simon Ostermann and Radu Prodan and Georg Mayr},
  title     = {Meteorological simulations in the Cloud with the ASKALON environment},
  booktitle = {Euro-Par 2012 Parallel Processing Workshops},
  year      = {2012},
  volume    = {7640},
  owner     = {S17-IR-2022},
  url       = {https://link.springer.com/chapter/10.1007/978-3-642-36949-0_9?CFID=916124568&CFTOKEN=29254584},
}

@InProceedings{Gridbus,
  author    = {Rajkumar Buyya and Srikumar Venugopal},
  title     = {Gridbus Technologies},
  booktitle = {The Gridbus toolkit for Service Oriented Grid and Utility Computing},
  year      = {2004},
  url       = {http://www.cloudbus.org/papers/gridbus2004.pdf},
  owner     = {S17-IR-2022},
}

@Misc{Unicore,
  Title        = {Unicore Technologies},
  Key          = {Unicore-technology-list},
  HowPublished = {Web Page},
  Note         = {Accessed: 2017-3-20},
  Url          = {http://www.springer.com/gp/computer-science/lncs},
  Owner        = {S17-IR-2022},
}

@Misc{DAGMan,
  Title        = {DAGMan-manager},
  Key          = {DAG-manager-list},
  HowPublished = {Web Page},
  Note         = {Accessed: 2017-3-19},
  Url          = {http://www.cs.wisc.edu/condor/dagman},
  Owner        = {S17-IR-2022},
}
