@misc{www-i524,
  author =	 {{Gregor von Laszewski and Badi Abdul-Wahid}},
  title =	 {{Big Data Classes}},
  url =		 {https://cloudmesh.github.io/classes/},
  howpublished = {Web Page},
  address =	 {Indiana University},
  year =	 2017,
  month =	 jan
}

@misc{www-airavata,
  author        ={{Apache Software Foundation}},
  title         ={{Apache Airavata}},  
  howpublished  ={Web Page},
  url           ={http://airavata.apache.org},
  year          ={2016},
  note          ={Accessed: 2017-2-22},
  Owner         ={S17-IO-3011}
}
@misc{www-ultrascan,
  author        ={{UltraScan Project}},
  title         ={{UltraScan Analysis Software}},  
  howpublished  ={Web Page},
  url           ={http://ultrascan.uthscsa.edu},
  year          ={2015},
  month         ={April},
  note          ={Accessed: 2017-2-22},
  Owner         ={S17-IO-3011}
}
@misc{www-seagrid,
  author        ={{Indiana University} and {Apache Airavata} and XSEDE and NSF},
  title         ={{SEAGrid Portal}},  
  howpublished  ={Web Page},
  url           ={https://seagrid.org},
  note          ={Accessed: 2017-2-22},
  Owner         ={S17-IO-3011}
}
@misc{www-genapp,
  author        ={{Apache Software Foundation}},
  title         ={{GenApp - Apache Airavata - Apache Software Foundation}},  
  howpublished  ={Web Page},
  url           ={https://cwiki.apache.org/confluence/display/AIRAVATA/GenApp},
  year          ={2014},
  month         ={August},
  note          ={Accessed: 2017-2-22},
  Owner         ={S17-IO-3011}
}

@misc{www-class,
  author        ={Marlon Pierce and Suresh Marru},
  title         ={{I590 Course Structure}},  
  howpublished  ={Web Page},
  url           ={http://courses.airavata.org/spring2016/public/slides/I590CourseStructure.pdf},
  note          ={Accessed: 2017-2-22},
  Owner         ={S17-IO-3011}
}
@misc{www-documentation,
  author        ={{Apache Software Foundation}},
  title         ={{Apache Airavata Overview - Apache Airavata - Apache Software Foundation}},  
  howpublished  ={Web Page},
  url           ={https://cwiki.apache.org/confluence/display/AIRAVATA/Apache+Airavata+Overview},
  year          ={2016},
  month         ={February},
  note          ={Accessed: 2017-2-22},
  Owner         ={S17-IO-3011}
}
@misc{www-tutorial,
  author        ={{Apache Software Foundation}},
  title         ={{Airavata Quick-Start Tutorials - Apache Airavata - Apache Software Foundation}},  
  howpublished  ={Web Page},
  url           ={https://cwiki.apache.org/confluence/display/AIRAVATA/Airavata+Quick-Start+Tutorials},
  year          ={2016},
  month         ={July},
  note          ={Accessed: 2017-2-22},
  Owner         ={S17-IO-3011}
}
@misc{www-airavata-ecosystem,
  author        ={{Indiana University} and {Apache Airavata} and XSEDE and NSF},
  title         ={{SEAGrid Portal}},  
  howpublished  ={Web Page},
  url           ={https://seagrid.org/themes/seagrid/assets/img/workflow.png},
  note          ={Accessed: 2017-2-22},
  Owner         ={S17-IO-3011}
}
@misc{www-wiyn,
  author        ={{WIYN Observatory}},
  title         ={{WIYN 3.5m Observatory}},  
  howpublished  ={Web Page},
  url           ={https://www.noao.edu/wiyn/ODI/},
  year          ={2017},
  month         ={February},
  note          ={Accessed: 2017-2-22},
  Owner         ={S17-IO-3011}
}
@misc{www-odi,
  author        ={{Apache Software Foundation}},
  title         ={{ODI - Apache Airavata - Apache Software Foundation}},
  howpublished  ={Web Page},
  url           ={https://cwiki.apache.org/confluence/display/AIRAVATA/ODI},
  year          ={2017},
  month         ={January},
  note          ={Accessed: 2017-2-22},
  Owner         ={S17-IO-3011}
}

@misc{www-api,
  author        ={{Apache Software Foundation}},
  title         ={{Airavata API Overview - Apache Airavata - Apache Software Foundation}},
  howpublished  ={Web Page},
  url           ={https://cwiki.apache.org/confluence/display/AIRAVATA/Airavata+API+Overview},
  year          ={2014},
  month         ={May},
  note          ={Accessed: 2017-2-22},
  Owner         ={S17-IO-3011}
}
@misc{www-source,
  author        ={{Apache Software Foundation}},
  title         ={{Airavata Source Code \& Developers Guide}},
  howpublished  ={Web Page},
  url           ={https://airavata.apache.org/development/source.html},
  year          ={2014},
  note          ={Accessed: 2017-2-22},
  Owner         ={S17-IO-3011}
}
