@Misc{www-apache-spark,
title = {Spark Programming Guide - Spark 2.1.0 Documentation},
key = {apachesparkdoc},
note ={Accessed: 02-22-2017},
howpublished ={Article},
author = {Apache Software Foundation},
url ={http://spark.apache.org/docs/latest/programming-guide.html}
}

@Misc{wiki-DAG,
title = {Directed Acyclic Graph - Wikipedia},
key = {apachesparkwiki},
author = {Wikipedia},
month = {dec},
year = {2016},
note ={Accessed: 02-26-2017},
howpublished ={Web Page},
url ={https://en.wikipedia.org/wiki/Directed_acyclic_graph}
}

@Misc{www-spark-cluster,
title = {Cluster Mode Overview - Spark 2.1.0 Documentation},
key = {sparkclusterdoc},
note ={Accessed: 02-22-2017},
howpublished ={Article},
author = {Apache Software Foundation},
url ={http://spark.apache.org/docs/latest/cluster-overview.html},
}

@Article{article-spark-1,
  author = {Amol Bansod},
  title = {Efficient Big Data Analysis with Apache Spark in HDFS},
  journal = {International Journal of Engineering and Advanced
                  Technology (IJEAT)},
  year = {2015},
  volume = {4},
  number = {6},
  pages = {313--316},
  month = {aug},
  issn = {2249 â€“ 8958},
  publisher = {Blue Eyes Intelligence Engineering & Sciences
                  Publication Pvt. Ltd.}
}

@Book{book-spark,
  title = {Learning Spark: Lightning-Fast Big Data Analytics},
  publisher = {O'Reilly Media, Inc.},
  year = {2015},
  author = {Holden Karau and Andy Konwinski and Patrick Wendell and
                  Matei Zaharia},
  edition = {1st},
  month = {feb},
  isbn = {1449358624, 9781449358624},
  url =
                  {https://www.safaribooksonline.com/library/view/learning-spark/9781449359034/},
}

@article{article-spark-2,
 author = {Matei Zaharia and
               Reynold S. Xin and
               Patrick Wendell and
               Tathagata Das and
               Michael Armbrust and
               Ankur Dave and
               Xiangrui Meng and
               Josh Rosen and
               Shivaram Venkataraman and
               Michael J. Franklin and
               Ali Ghodsi and
               Joseph Gonzalez and
               Scott Shenker and
               Ion Stoica},
 title = {Apache Spark: A Unified Engine for Big Data Processing},
 journal = {Commun. ACM},
 issue_date = {November 2016},
 volume = {59},
 number = {11},
 month = oct,
 year = {2016},
 issn = {0001-0782},
 pages = {56--65},
 numpages = {10},
 url = {http://doi.acm.org/10.1145/2934664},
 doi = {10.1145/2934664},
 publisher = {ACM},
 address = {New York, NY, USA},
}

@inproceedings{paper-RDD,
  author = {Matei Zaharia and
               Mosharaf Chowdhury and
               Tathagata Das and
               Ankur Dave and
               Justin Ma and
               Murphy McCauly and
               Michael J. Franklin and
               Scott Shenker and
               Ion Stoica},
  title = {Resilient Distributed Datasets: {A} Fault-Tolerant
                  Abstraction for
               In-Memory Cluster Computing},
  booktitle = {Proceedings of the 9th {USENIX} Symposium on Networked
                  Systems Design
               and Implementation, {NSDI} 2012, San Jose, CA, USA,
                  April 25-27, 2012},
  pages = {15--28},
  year = {2012},
  publisher = {USENIX Association},
  address = {Berkeley, CA, USA},
  url =
                  {https://www.usenix.org/conference/nsdi12/technical-sessions/presentation/zaharia},
  
}

@Misc{www-spark-2,
title = {Apache Spark Ecosystem and Spark Components},
url =
                  {https://www.dezyre.com/article/apache-spark-ecosystem-and-spark-components/219},
note = {Apache Spark Ecosystem and Spark Components},
key = {sparkecopage},
month = feb,
year= {2016},
publisher ={DeZyre}
}


@article{article-spark-persp,
  title={Big data analysis: Apache spark perspective},
  author={Shoro, Abdul Ghaffar and Soomro, Tariq Rahim},
  journal={Global Journal of Computer Science and Technology},
  volume={15},
  number={1},
  year={2015},
  pages = {9},
  issn = {0975-4350},
  publisher = {Global Journals Inc.},
  address = {USA},
  url
                  ={https://globaljournals.org/GJCST_Volume15/2-Big-Data-Analysis.pdf}
}

@inproceedings{paper-zaharia,
 author = {Matei Zaharia and Mosharaf Chowdhury and Michael
                  J. Franklin and Scott Shenker and Ion Stoica},
 title = {Spark: Cluster Computing with Working Sets},
 booktitle = {Proceedings of the 2Nd USENIX Conference on Hot Topics
                  in Cloud Computing},
 series = {HotCloud'10},
 year = {2010},
 location = {Boston, MA},
 pages = {10--10},
 numpages = {1},
 url =
                  {https://www.usenix.org/legacy/event/hotcloud10/tech/full_papers/Zaharia.pdf},
 acmid = {1863113},
 publisher = {USENIX Association},
 address = {Berkeley, CA, USA},
}

@inproceedings{paper-sparksql,
 author = {Michael Armbrust and
               Reynold S. Xin and
               Cheng Lian and
               Yin Huai and
               Davies Liu and
               Joseph K. Bradley and
               Xiangrui Meng and
               Tomer Kaftan and
               Michael J. Franklin and
               Ali Ghodsi and
               Matei Zaharia},
 title = {Spark SQL: Relational Data Processing in Spark},
 booktitle = {Proceedings of the 2015 ACM SIGMOD International
                  Conference on Management of Data},
 series = {SIGMOD '15},
 year = {2015},
 isbn = {978-1-4503-2758-9},
 location = {Melbourne, Victoria, Australia},
 pages = {1383--1394},
 numpages = {12},
 url = {http://doi.acm.org/10.1145/2723372.2742797},
 doi = {10.1145/2723372.2742797},
 acmid = {2742797},
 publisher = {ACM},
 address = {New York, NY, USA}
}

@article{article-mllib,
 author = {Meng, Xiangrui and Bradley, Joseph and Yavuz, Burak and
                  Sparks, Evan and Venkataraman, Shivaram and Liu,
                  Davies and Freeman, Jeremy and Tsai, DB and Amde,
                  Manish and Owen, Sean and Xin, Doris and Xin,
                  Reynold and Franklin, Michael J. and Zadeh, Reza and
                  Zaharia, Matei and Talwalkar, Ameet},
 title = {MLlib: Machine Learning in Apache Spark},
 journal = {Journal of Machine Learning Research},
 issue_date = {January 2016},
 volume = {17},
 number = {1},
 month = jan,
 year = {2016},
 issn = {1532-4435},
 pages = {1235--1241},
 url = {http://www.jmlr.org/papers/volume17/15-237/15-237.pdf},
 acmid = {2946679},
 publisher = {JMLR.org},
}

@Misc{www-spark-mongodb,
author = {mongoDB},
title = {Apache Spark Use Cases},
publisher = {Mongodb.com},
howpublished = {Web Page},
url = {https://www.mongodb.com/scale/apache-spark-use-cases},
key = {mongodb},
note = {Accessed: 20-Mar-2017}
}

@Misc{www-spark-linkedin,
author = {Prateek Kumar},
title = {Apache Spark Use Cases},
publisher = {Linkedin.com},
month = sep,
year = {2016},
howpublished = {Article},
url =
                  {https://www.linkedin.com/pulse/apache-spark-use-cases-prateek-kumar},
key = {linkedin},
note = {Accessed: 20-Mar-2017}
}

@Misc{www-spark-datanami,
author = {Alex Woodie},
title = {Apache Spark: 3 Real-World Use Cases},
publisher = {Datanami.com},
month = mar,
year = {2014},
howpublished = {Article},
url =
                  {https://www.datanami.com/2014/03/06/apache_spark_3_real-world_use_cases/},
key = {datanami},
note = {Accessed: 20-Mar-2017}
}

@Misc{www-spark-ui,
title = {Monitoring and Instrumentation - Spark 2.1.0 Documentation},
key = {apachesparkui},
note ={Accessed: 03-22-2017},
howpublished ={Web Page},
author = {Apache Software Foundation},
url ={http://spark.apache.org/docs/latest/monitoring.html}
}

@Misc{www-oracle,
title = {Java SE Development Kit 8 - Downloads},
key = {oracle},
note ={Accessed: 03-25-2017},
howpublished ={Web Page},
author = {Oracle},
url
                  ={http://www.oracle.com/technetwork/java/javase/downloads/jdk8-downloads-2133151.html}
}

@Misc{www-hortonworks,
title = {What is Apache Spark},
key = {hortonworks},
note ={Accessed: 03-25-2017},
howpublished ={Web Page},
author = {Hortonworks},
url ={https://hortonworks.com/apache/spark/#section_8}
}

@Misc{www-clusters,
title = {Configuring and Deploying Apache Spark},
author = {Evan Chan},
key = {evan},
month = jul,
year ={2015},
note ={Accessed: 03-25-2017},
howpublished ={Blog},
url ={https://velvia.github.io/Configuring-Deploying-Spark/}
}

@Misc{www-apache-lic,
author = {Apache Software Foundation},
title = {Apache License and Distribution FAQ},
year = {2016},
howpublished = {Web Page},
url = {http://www.apache.org/foundation/license-faq.html},
key = {license},
note = {Accessed: 24-Mar-2017}
}