@InProceedings{TrianaDocumentation1,
  author    = {Shalil Majithia and Ian Taylor and Matthew Shields and Ian Wang},
  title     = {Triana as a Graphical Web Services Composition Toolkit},
  booktitle = {Cardiff School of Computer Science, Cardiff University, Cardiff},
  year      = {2003},
  owner     = {S17-IR-2022},
  url       = {http://www.trianacode.org/papers/pdf/TrianaAHM03WS.pdf},
}

@InProceedings{TrianaDocumentation2,
  author    = {Ian Taylor and Matthew Shields and Ian Wang and Roger Philip},
  title     = {Grid Enabling Applications using Triana},
  booktitle = {Cardiff School of Computer Science, Cardiff University, Cardiff},
  year      = {2003},
  owner     = {S17-IR-2022},
  url       = {http://citeseerx.ist.psu.edu/viewdoc/download?doi=10.1.1.3.4103&rep=rep1&type=pdf},
}

@Misc{DrawIO,
  title        = {Draw-IO-website},
  howpublished = {Code Repository},
  note         = {Accessed: 2017-2-20},
  key          = {JGraph-DrawIO},
  organization = {JGraph},
  owner        = {S17-IR-2022},
  url          = {https://github.com/jgraph/draw.io},
}

@Misc{IBM-Rational-Rose,
  title        = {IBM-Rational-Rose-website},
  howpublished = {Web Page},
  note         = {Accessed: 2017-2-20},
  key          = {IBM-Rational-Rose},
  organization = {IBM},
  owner        = {S17-IR-2022},
  url          = {http://www-03.ibm.com/software/products/en/rosemod},
}

@Misc{TrianaGEO600,
  title        = {GEO600-website},
  howpublished = {Web Page},
  note         = {Accessed: 2017-2-20},
  key          = {MPG-GEO600},
  organization = {Max Planck Gesellschaft},
  owner        = {S17-IR-2022},
  url          = {www.geo600.uni-hannover.de},
}

@InBook{RMBDP-Book,
  pages     = {48-49},
  title     = {Resource Management for Big Data Platforms},
  publisher = {Springer Nature},
  year      = {2016},
  editor    = {Florin Pop and Joanna Kolodziej and Beniamino DiMartino},
  owner     = {S17-IR-2022},
}

@Misc{Triana-projects,
  title        = {Triana-project-list},
  howpublished = {Code Repository},
  note         = {Accessed: 2017-2-20},
  key          = {Projects},
  organization = {Cardiff School of Computer Science \& Informatics},
  owner        = {S17-IR-2022},
  url          = {https://github.com/CSCSI/Triana/wiki/Projects},
}

@Misc{Triana-Data-Mining-Grid,
  title        = {Data-Mining-Grid},
  howpublished = {Web Page},
  note         = {Accessed: 2017-2-20},
  key          = {Projects},
  organization = {University of Ulster},
  owner        = {S17-IR-2022},
  url          = {http://www.datamininggrid.org/},
}

@Misc{Triana-SRSS,
  title        = {SRSS},
  howpublished = {Web Page},
  note         = {Accessed: 2017-2-20},
  key          = {Projects},
  organization = {US Naval Research Laboratory},
  owner        = {S17-IR-2022},
  url          = {http://srss.pf.itd.nrl.navy.mil},
}

@Misc{Triana-SHIWA,
  title        = {SHIWA-Workflow},
  howpublished = {Web Page},
  note         = {Accessed: 2017-2-20},
  key          = {Projects},
  organization = {Computer and Automation Research Institute, Hungarian Academy of Sciences - MTA SZTAKI},
  owner        = {S17-IR-2022},
  url          = {http://www.shiwa-workflow.eu/},
}
