@Misc{dns-zne,
  title        = {Cloud DNS Managing Zones},
  howpublished = {Web Page},
  year         = {2017},
  timestamp    = {2017-12-03},
  url          = {https://cloud.google.com/dns/zones/},
}
@Misc{dns-load-balancing,
  title     = {Google Cloud load balancing},
  year      = {2017},
  keywords  = {load-balancing},
  timestamp = {2017-12-03},
  url       = {https://cloud.google.com/load-balancing/},
}
@Misc{public-dns,
  title        = {Google Public DNS},
  howpublished = {Web Page},
  year         = {2017},
  keywords     = {Google Public DNS},
  timestamp    = {2017-12-03},
  url          = {https://developers.google.com/speed/public-dns/docs/intro},
}
@Misc{dns-overview,
  title        = {Cloud DNS Overview},
  howpublished = {Web Page},
  year         = {2016},
  keywords     = {Google Cloud DNS},
  timestamp    = {2017-12-03},
  url          = {https://cloud.google.com/dns/overview},
}
