% Encoding: UTF-8

@Misc{www-statetech,
  author       = {Statetech},
  title        = {5 Important Benefits of Infrastructure as a service},
  howpublished = {Webpage},
  owner        = {S17-IO-3019},
  timestamp    = {2017-02-25},
  url          = {http://www.statetechmagazine.com/article/2014/03/5-important-benefits-infrastructure-service},
}

@Misc{www-linkedin,
  author       = {Loo, Charlie},
  title        = {3 things about Scalability in Iaas},
  howpublished = {Webpage},
  month        = {01},
  year         = {2015},
  owner        = {S17-IO-3019},
  timestamp    = {2017-02-23},
  url          = {https://www.linkedin.com/pulse/3-things-scalability-iaas-charlie-loo},
}

@Misc{www-wikipedia,
  author       = {wikipedia},
  title        = {Denial of service attack},
  howpublished = {Webpage},
  owner        = {S17-IO-3019},
  timestamp    = {2017-02-17},
  url          = {https://en.wikipedia.org/wiki/Denial-of-service_attack},
}

@Misc{www-ciodive,
  author       = {Brown, Justine},
  title        = {DHS wants to stop the rise of large scale DDos attacks},
  howpublished = {Webpage},
  month        = {02},
  year         = {2017},
  owner        = {S17-IO-3019},
  timestamp    = {2017-02-21},
  url          = {http://www.ciodive.com/news/dhs-wants-to-stop-the-rise-of-large-scale-ddos-attacks/436536/},
}

@Misc{www-vmware2,
  author       = {vmware},
  title        = {VMware vSphere big data extensions},
  howpublished = {Webpage},
  owner        = {S17-IO-3019},
  timestamp    = {2017-02-23},
  url          = {http://www.vmware.com/content/dam/digitalmarketing/vmware/en/pdf/products/vsphere/vmware-vsphere-big-data-extensions-faq.pdf},
}

@Misc{www-technopedia,
  author       = {technopedia},
  title        = {Hypervisor},
  howpublished = {Webpage},
  owner        = {S17-IO-3019},
  timestamp    = {2017-02-17},
  url          = {https://www.techopedia.com/definition/4790/hypervisor},
}

@Misc{www-vmware3,
  author       = {vmware},
  title        = {vCloud networking and security overview},
  howpublished = {Webpage},
  owner        = {S17-IO-3019},
  timestamp    = {2017-02-23},
  url          = {http://www.vmware.com/content/dam/digitalmarketing/vmware/en/pdf/whitepaper/products/vcns/vmware-vcloud-networking-and-security-overview-whitepaper.pdf},
}

@Misc{www-cloud,
  author       = {Rouse, Margaret},
  title        = {Cloud disaster recovery},
  howpublished = {Webpage},
  owner        = {S17-IO-3019},
  timestamp    = {2017-02-24},
  url          = {http://searchcloudstorage.techtarget.com/definition/cloud-disaster-recovery-cloud-DR},
}

@Misc{www-aws,
  author       = {amazon},
  title        = {AWS free tier},
  howpublished = {Webpage},
  owner        = {S17-IO-3019},
  timestamp    = {2017-02-24},
  url          = {https://aws.amazon.com/s/dm/optimization/server-side-test/free-tier/free_np/},
}

@Misc{www-rackspace,
  author       = {Kepes, Ben},
  title        = {Understanding the cloud computing stack},
  howpublished = {Webpage},
  owner        = {S17-IO-3019},
  timestamp    = {2017-02-24},
  url          = {https://support.rackspace.com/white-paper/understanding-the-cloud-computing-stack-saas-paas-iaas/},
}

@Misc{www-api,
  author    = {vmware},
  title     = {vcloud API programming guide},
  owner     = {S17-IO-3019},
  timestamp = {2017-02-17},
  url       = {http://pubs.vmware.com/vcloud-api-1-5/wwhelp/wwhimpl/js/html/wwhelp.htm},
}

@Misc{www-eci,
  author       = {ECI},
  title        = {History of Cloud Computing},
  howpublished = {Webpage},
  owner        = {S17-IO-3019},
  timestamp    = {2017-02-17},
  url          = {http://www.eci.com/cloudforum/cloud-computing-history.html},
}

@Misc{www-vmware,
  author       = {vmware},
  title        = {vCloud},
  howpublished = {Webpage},
  owner        = {S17-IO-3019},
  timestamp    = {2017-02-02},
  url          = {http://www.vmware.com/products/vcloud-suite.html},
}

@Misc{www-mustbegeek,
  author       = {Bipin},
  title        = {Difference between vSphere, ESXi and vCenter},
  howpublished = {Webpage},
  month        = {08},
  year         = {2012},
  owner        = {S17-IO-3019},
  timestamp    = {2017-02-02},
  url          = {http://www.mustbegeek.com/difference-between-vsphere-esxi-and-vcenter/},
}

@Comment{jabref-meta: databaseType:bibtex;}
