@book{limited2010introduction,
  title={Introduction to Database Systems:},
  author={Limited, I.T.L.E.S.},
  isbn={9788131743195},
  url={https://books.google.com/books?id=-YY-BAAAQBAJ},
  year={2010},
  publisher={Pearson},
  page={11-14}
}

@Misc{stanford-dbisnot,
  Title =	 {What Berkeley DB is not},
  HowPublished = {Web Page},
  Note =	 {Accessed: 2017-4-6},
  Owner =	 {S17-ER-1001},
  Url =      {https://web.stanford.edu/class/cs276a/projects/docs/berkeleydb/ref/intro/dbisnot.html}
}

@Misc{stanford-dbis,
  Title =	 {What is Berkeley DB?},
  HowPublished = {Web Page},
  Note =	 {Accessed: 2017-4-6},
  Owner =	 {S17-ER-1001},
  Url =      {https://web.stanford.edu/class/cs276a/projects/docs/berkeleydb/ref/intro/dbis.html}
}

@article{haerder1983principles,
  title={Principles of transaction-oriented database recovery},
  author={Haerder, Theo and Reuter, Andreas},
  journal={ACM Computing Surveys (CSUR)},
  volume={15},
  number={4},
  pages={287--317},
  year={1983},
  publisher={ACM}
}

@Misc{stanford-bigpic,
  Title =	 {The big picture},
  HowPublished = {Web Page},
  Note =	 {Accessed: 2017-4-6},
  Owner =	 {S17-ER-1001},
  Url =      {https://web.stanford.edu/class/cs276a/projects/docs/berkeleydb/ref/arch/bigpic.html}
}

@Misc{bdb-datasheet,
  Title =	 {Oracle Berkeley Database Products},
  HowPublished = {Web Page},
  Note =	 {Accessed: 2017-4-6},
  Owner =	 {S17-ER-1001},
  Url =      {http://www.oracle.com/technetwork/products/berkeleydb/learnmore/berkeley-db-family-datasheet-132751.pdf}
}

@Misc{stanford-web,
  Title =	 {Berkeley DB Tutorial and Reference Guide, Version 4.1.24},
  HowPublished = {Web Page},
  Note =	 {Accessed: 2017-4-6},
  Owner =	 {S17-ER-1001},
  Url =      {https://web.stanford.edu/class/cs276a/projects/docs/berkeleydb/reftoc.html}
}

@Misc{oracle-price,
  Title =	 {Oracle Technology Global Price List},
  HowPublished = {Web Page},
  Note =	 {Accessed: 2017-4-6},
  Owner =	 {S17-ER-1001},
  Url =      {http://www.oracle.com/us/corporate/pricing/technology-price-list-070617.pdf}
}

@Misc{oracle-products,
  Title =	 {Oracle Berkeley DB 12c},
  HowPublished = {Web Page},
  Note =	 {Accessed: 2017-4-6},
  Owner =	 {S17-ER-1001},
  Url =      {http://www.oracle.com/technetwork/database/database-technologies/berkeleydb/%20overview/index.html}
}

@Misc{stanford-need,
  Title =	 {Do you need Berkeley DB?},
  HowPublished = {Web Page},
  Note =	 {Accessed: 2017-4-6},
  Owner =	 {S17-ER-1001},
  Url =      {https://web.stanford.edu/class/cs276a/projects/docs/berkeleydb/ref/intro/need.html}
}

@book{yadava2007berkeley,
  title={The Berkeley DB Book},
  author={Yadava, H.},
  isbn={9781430203179},
  series={Books for Professionals by Professionals},
  url={https://books.google.com/books?id=2wEkW7pQ0KwC},
  year={2007},
  publisher={Apress}
}

@inproceedings{olson1999berkeley,
  title={Berkeley DB.},
  author={Olson, Michael A and Bostic, Keith and Seltzer, Margo I},
  booktitle={USENIX Annual Technical Conference, FREENIX Track},
  pages={183--191},
  year={1999}
}