@InProceedings{las14cloudmeshmultiple,
  title =	 {{Accessing Multiple Clouds with Cloudmesh}},
  author =	 {von Laszewski, Gregor and Wang, Fugang and Lee,
                  Hyungro and Chen, Heng and Fox, Geoffrey C.},
  booktitle =	 {Proceedings of the 2014 ACM International Workshop
                  on Software-defined Ecosystems},
  year =	 2014,
  address =	 {New York, NY, USA},
  pages =	 {21--28},
  publisher =	 {ACM},
  series =	 {BigSystem '14},
  acmid =	 2609638,
  doi =		 {10.1145/2609441.2609638},
  isbn =	 {978-1-4503-2909-5},
  keywords =	 {cloud computing},
  location =	 {Vancouver, BC, Canada},
  numpages =	 8,
  url =		 {http://doi.acm.org/10.1145/2609441.2609638}
}

@misc{www-i524,
  author =	 {{Gregor von Laszewski and Badi Abdul-Wahid}},
  title =	 {{Big Data Classes}},
  url =		 {https://cloudmesh.github.io/classes/},
  howpublished = {Web Page},
  address =	 {Indiana University},
  year =	 2017,
  month =	 jan
}

@Misc {www-underscore,
  key =		 {google},
  howpublished = {Web Page},
  url =		 {http://www.google.com/some_underscore}
}

@Misc{www-apache-avro,
  title        = {Apache Avro},
  howpublished = {{Web Page}},
  note         = {Accessed: 2017-03-21},
  owner        = {S17-IR-2016},
  url          = {https://avro.apache.org/},
}

@Misc{www-doc-avro,
  title        = {{Apache Avro} Documentation},
  howpublished = {{Web Page}},
  note         = {Accessed: 2017-03-21},
  owner        = {S17-IR-2016},
  url          = {https://avro.apache.org/docs/1.7.7/index.html},
}

@Misc{www-tutorialspoint-avro,
  title        = {{Avro} Tutorial},
  howpublished = {{Web Page}},
  note         = {Accessed: 2017-03-22},
  owner        = {S17-IR-2016},
  url          = {https://www.tutorialspoint.com/avro/avro_overview.html},
}

@Misc{www-using-avro,
  title        = {{Using Avro with Eventlet}},
  howpublished = {{Web Page}},
  note         = {Accessed: 2017-03-22},
  owner        = {S17-IR-2016},
  url          = {http://unethicalblogger.com/2010/05/07/how-to-using-avro-with-eventlet.html},
}

@Misc{www-avro-rpc,
  title        = {RPC by Avro},
  howpublished = {{Web Page}},
  note         = {Accessed: 2017-03-22},
  owner        = {S17-IR-2016},
  url          = {https://www.igvita.com/2010/02/16/data-serialization-rpc-with-avro-ruby/},
}

@Misc{www-avro-encoding,
  title        = {Encoding in Avro},
  howpublished = {{Web Page}},
  note         = {Accessed: 2017-03-22},
  owner        = {S17-IR-2016},
  url          = {https://avro.apache.org/docs/1.8.1/spec.html}
}

@Misc{www-wiki-avro,
  title        = {Apache Avro Wiki},
  howpublished = {{Web Page}},
  note         = {Accessed: 2017-03-22},
  owner        = {S17-IR-2016},
  url          = {https://en.wikipedia.org/wiki/Apache_Avro},
}


@Misc{www-avro-serialization,
  title        = {Avro Serialization},
  howpublished = {{Web Page}},
  note         = {Accessed: 2017-03-22},
  owner        = {S17-IR-2016},
  url          = {https://www.tutorialspoint.com/avro/serialization_using_parsers.html},
}