% Encoding: UTF-8
@InProceedings{las14cloudmeshmultiple,
  title =	 {{Accessing Multiple Clouds with Cloudmesh}},
  author =	 {von Laszewski, Gregor and Wang, Fugang and Lee,
                  Hyungro and Chen, Heng and Fox, Geoffrey C.},
  booktitle =	 {Proceedings of the 2014 ACM International Workshop
                  on Software-defined Ecosystems},
  year =	 2014,
  address =	 {New York, NY, USA},
  pages =	 {21--28},
  publisher =	 {ACM},
  series =	 {BigSystem '14},
  acmid =	 2609638,
  doi =		 {10.1145/2609441.2609638},
  isbn =	 {978-1-4503-2909-5},
  keywords =	 {cloud computing},
  location =	 {Vancouver, BC, Canada},
  numpages =	 8,
  url =		 {http://doi.acm.org/10.1145/2609441.2609638}
}

@misc{www-i524,
  author =	 {{Gregor von Laszewski and Badi Abdul-Wahid}},
  title =	 {{Big Data Classes}},
  url =		 {https://cloudmesh.github.io/classes/},
  howpublished = {Web Page},
  address =	 {Indiana University},
  year =	 2017,
  month =	 jan
}

@Misc {www-underscore,
  key =		 {google},
  howpublished = {Web Page},
  url =		 {http://www.google.com/some_underscore}
}

@Misc{www-infoq,
  title        = {Introduction to Puppet},
  howpublished = {web page},
  owner        = {S17-IO-3024},
  url          = {https://www.infoq.com/articles/introduction-puppet},
}

@Misc{www-docpuppet,
  title        = {Puppet Documentation},
  howpublished = {web page},
  owner        = {S17-IO-3024},
  url          = {https://docs.puppet.com/puppet/4.9/architecture.html},
}

@Misc{www-slashroot,
  title        = {How Puppet works},
  howpublished = {web page},
  owner        = {S17-IO-3024},
  url          = {http://www.slashroot.in/puppet-tutorial-how-does-puppet-work},
}

@Misc{www-wiki-puppet,
  title        = {Puppet Software},
  howpublished = {web page},
  owner        = {S17-IO-3024},
  url          = {https://en.wikipedia.org/wiki/Puppet_(software)},
}

@Misc{www-techarena,
  title        = {Installing and configuring puppet},
  howpublished = {web page},
  url          = {https://techarena51.com/index.php/a-simple-way-to-install-and-configure-a-puppet-server-on-linux/},
}

@Misc{www-intigue,
  title        = {Puppet vs ansible vs Chef},
  howpublished = {web page},
  owner        = {S17-IO-3024},
  url          = {http://www.intigua.com/blog/puppet-vs.-chef-vs.-ansible-vs.-saltstack},
}

@Comment{jabref-meta: databaseType:bibtex;}
