
@InProceedings{inproceeding-flink, 
 booktitle=     {IEEE International Conference on Cloud Engineering Workshop (IC2EW)}, 
  Title=	{Apache Flink: Stream Analytics at Scale}, 
  Author=	{A. Katsifodimos and S. Schelter}, 
  Year=		{2016},
  Pages=	{193--193},
  Numpage=	1,  
  doi=		{10.1109/IC2EW.2016.56}, 
  Owner = 	{S17-IR-2002},
  Url = 	{http://ieeexplore.ieee.org/document/7527842}
} 


@book{book-flink,
  review =      {},
  status =      {incomplete},
  Title =	{Introduction to Apache Flink: Stresam Processing for Real Time and Beyond},
  Author =	{Ellen Friedman and Kostas Tzoumas},
  Publisher =	{OReilly Media Inc},
  Year =	2016,
  Address =	{Sebastopol California},
  ISBN =	{978-1491976586},
  Owner = 	{S17-IR-2002}
}


@article{article-flink,
  review =      {},
  Title =	{Apache Flink: Stream and Batch Processing in a Single Engine},
  author=	{Paris Carbone and Asterios Katsifodimos and Stephan Ewen and Volker Markl and Seif Haridi and Kostas Tzoumas},
  Year = 	2015,
  Pages = 	{28-38},
  Numpage =     10,
  Volume=	{38},
  Journal = 	{IEEE Data Eng. Bull.},
  Owner = 	{S17-IR-2002},
  Url = 	{https://www.researchgate.net/publication/308993790_Apache_Flink_Stream_and_Batch_Processing_in_a_Single_Engine}
} 


@misc{wiki-flink,
  review =      {},
  Title = 	{Apache Flink},
  Author = 	{{wikipedia}},
  HowPublished ={Web Page},
  Month = 	mar,
  Note = 	{Accessed: 2017-03-20},
  Year = 	2017,
  Owner = 	{S17-IR-2002},
  Url =         {https://en.wikipedia.org/wiki/Apache_Flink}
}


@misc{www-flink,
  review =      {},
  Title = 	{Introducing Flink Streaming},
  Author = 	{{Apache Software Foundation}},
  HowPublished ={Web Page},
  Month = 	mar,
  Note = 	{Accessed: 2017-03-22},
  Year = 	2017,
  Owner = 	{S17-IR-2002},
  Url =         {https://flink.apache.org/news/2015/02/09/streaming-example.html}
}

