@InProceedings{las14cloudmeshmultiple,
  title =	 {{Accessing Multiple Clouds with Cloudmesh}},
  author =	 {von Laszewski, Gregor and Wang, Fugang and Lee,
                  Hyungro and Chen, Heng and Fox, Geoffrey C.},
  booktitle =	 {Proceedings of the 2014 ACM International Workshop
                  on Software-defined Ecosystems},
  year =	 2014,
  address =	 {New York, NY, USA},
  pages =	 {21--28},
  publisher =	 {ACM},
  series =	 {BigSystem '14},
  acmid =	 2609638,
  doi =		 {10.1145/2609441.2609638},
  isbn =	 {978-1-4503-2909-5},
  keywords =	 {cloud computing},
  location =	 {Vancouver, BC, Canada},
  numpages =	 8,
  url =		 {http://doi.acm.org/10.1145/2609441.2609638}
}

@misc{www-i524,
  author =	 {{Gregor von Laszewski and Badi Abdul-Wahid}},
  title =	 {{Big Data Classes}},
  url =		 {https://cloudmesh.github.io/classes/},
  howpublished = {Web Page},
  address =	 {Indiana University},
  year =	 2017,
  month =	 jan
}


@Misc{www-Ansible,
  author       = {{Red Hat, Inc.}},
  title        = {{Ansible}},
  year         = {2017},
  howpublished = {Web Page},
  note         = {accessed 2017-04-23},
  url          = {https://www.ansible.com/it-automation},
}

@Misc{www-MongoDB,
  author       = {{MongoDB, Inc.}},
  title        = {{MongoDB}},
  year         = {2017},
  howpublished = {Web Page},
  note         = {accessed 2017-04-23},
  url          = {https://www.mongodb.com/},
}

@Misc{www-Pythoneve,
  author       = {Nicola Iarocci},
  title        = {{Python Eve}},
  year         = {2017},
  howpublished = {Web Page},
  note         = {accessed 2017-04-23},
  url          = {http://python-eve.org/},
}

@Misc{www-Docker,
  author       = {{Docker Inc.}},
  title        = {{Docker}},
  year         = {2017},
  howpublished = {Web Page},
  note         = {accessed 2017-04-23},
  url          = {https://www.docker.com/},
}

@Misc{www-Swarm,
  author       = {{Docker Inc.}},
  title        = {{Swarm}},
  year         = {2017},
  howpublished = {Web Page},
  note         = {accessed 2017-04-23},
  url          = {https://docs.docker.com/engine/swarm/},
}

@Misc{www-ElasticSearch,
  author       = {{Elasticsearch BV}},
  title        = {{ElasticSearch}},
  year         = {2017},
  howpublished = {Web Page},
  note         = {accessed 2017-04-23},
  url          = {https://www.elastic.co/},
}

@Misc{www-ElasticSearchRally,
  author       = {Daniel Mitterdorfer},
  title        = {{ESRally}},
  year         = {2017},
  howpublished = {Web Page},
  note         = {accessed 2017-04-23},
  url          = {http://esrally.readthedocs.io/en/latest/quickstart.html},
}


@Misc{www-Chameleon,
  author       = {{National Science Foundation}},
  title        = {{Chameleon}},
  year         = {2017},
  howpublished = {Web Page},
  note         = {accessed 2017-04-23},
  url          = {https://www.chameleoncloud.org/},
}

@Misc{www-AWS,
  author       = {{Amazon Web Services, Inc.}},
  title        = {{Amazon Webservices}},
  year         = {2017},
  howpublished = {Web Page},
  note         = {accessed 2017-04-23},
  url          = {https://aws.amazon.com/?nc2=h_lg},
}

@Misc{www-Python,
  author       = {{Python Software Foundation}},
  title        = {{Python}},
  year         = {2017},
  howpublished = {Web Page},
  note         = {accessed 2017-04-23},
  url          = {https://www.python.org/},
}

@Misc{www-ipython,
  author       = {{IPython development team}},
  title        = {{Ipython}},
  year         = {2017},
  howpublished = {Web Page},
  note         = {accessed 2017-04-23},
  url          = {https://ipython.org/},
}
