% This file was created with JabRef 2.10.
% Encoding: UTF-8


@Misc{www-apacheapexappdevdoc,
  Title                    = {Apache Apex Application Development Documentation},

  Author                   = {Apache},
  HowPublished             = {Web Page},
  Note                     = {Accessed: 2017-03-26},
  Year                     = {2016},

  Owner                    = {S17-IR-2028},
  Timestamp                = {2017-03-26},
  Url                      = {https://apex.apache.org/docs/apex/application_development/}
}

@Misc{www-apacheapexoperatordoc,
  Title                    = {Apache Apex Application Operator Documentation},

  Author                   = {Apache},
  HowPublished             = {Web Page},
  Note                     = {Accessed: 2017-03-26},
  Year                     = {2016},

  Owner                    = {S17-IR-2028},
  Timestamp                = {2017-03-26},
  Url                      = {https://apex.apache.org/docs/apex/operator_development/}
}

@Misc{www-apacheapexpackagedoc,
  Title                    = {Apache Apex Application Package Documentation},

  Author                   = {Apache},
  HowPublished             = {Web Page},
  Note                     = {Accessed: 2017-03-26},
  Year                     = {2016},

  Owner                    = {S17-IR-2028},
  Timestamp                = {2017-03-26},
  Url                      = {https://apex.apache.org/docs/apex/application_packages/#apache-apex-packages}
}

@Misc{www-apacheapexsite,
  Title                    = {Apache Apex},

  Author                   = {Apache},
  HowPublished             = {Web Page},
  Note                     = {Accessed: 2017-03-26},
  Year                     = {2016},

  Owner                    = {S17-IR-2028},
  Timestamp                = {2017-03-26},
  Url                      = {https://apex.apache.org/}
}

@Misc{www-apachesamzasite,
  Title                    = {Apache Samza},

  Author                   = {Apache},
  HowPublished             = {Web Page},
  Note                     = {Accessed: 2017-03-26},
  Year                     = {2016},

  Owner                    = {S17-IR-2028},
  Timestamp                = {2017-03-26},
  Url                      = {http://samza.apache.org/}
}

@Misc{www-apachesparksite,
  Title                    = {Apache Spark},

  Author                   = {Apache},
  HowPublished             = {Web Page},
  Note                     = {Accessed: 2017-03-26},
  Year                     = {2016},

  Owner                    = {S17-IR-2028},
  Timestamp                = {2017-03-26},
  Url                      = {http://spark.apache.org/}
}

@Misc{www-apachestormsite,
  Title                    = {Apache Storm},

  Author                   = {Apache},
  HowPublished             = {Web Page},
  Note                     = {Accessed: 2017-03-26},
  Year                     = {2016},

  Owner                    = {S17-IR-2028},
  Timestamp                = {2017-03-26},
  Url                      = {http://storm.apache.org/}
}

@Misc{www-apacheapexcompetition,
  Title                    = {The Newstack Article on Apache Apex Competition},

  Author                   = {Susan Hall},
  HowPublished             = {Web Page},
  Month                    = may,
  Note                     = {Accessed: 2017-03-26},
  Year                     = {2016},

  Owner                    = {S17-IR-2028},
  Timestamp                = {2017-03-26},
  Url                      = {https://thenewstack.io/apache-gets-another-real-time-stream-processing-framework-apex/}
}

@Misc{www-apacheapexflink,
  Title                    = {The Newstack Article on Apache Flink},

  Author                   = {Susan Hall},
  HowPublished             = {Web Page},
  Month                    = apr,
  Note                     = {Accessed: 2017-03-26},
  Year                     = {2016},

  Owner                    = {S17-IR-2028},
  Timestamp                = {2017-03-26},
  Url                      = {https://thenewstack.io/apache-flink-addresses-continuous-stream-processing/}
}

@Misc{www-apacheapexblog,
  Title                    = {Apache Apex blog Introduction},

  Author                   = {Amol Kekre},
  HowPublished             = {Web Page},
  Month                    = sep,
  Note                     = {Accessed: 2017-03-26},
  Year                     = {2015},

  Owner                    = {S17-IR-2028},
  Timestamp                = {2017-03-26},
  Url                      = {https://www.datatorrent.com/blog/introducing-apache-apex-incubating/}
}

@Misc{www-datatorrentapex,
  Title                    = {Apache Apex Blog Incubator},

  Author                   = {Amol Kekre},
  HowPublished             = {Web Page},
  Month                    = sep,
  Note                     = {Accessed: 2017-03-26},
  Year                     = {2015},

  Owner                    = {S17-IR-2028},
  Timestamp                = {2017-03-26},
  Url                      = {https://www.datatorrent.com/blog/apex-accepted-as-apache-incubator-project/}
}

@Misc{ww-apacheapexinslideshare,
  Title                    = {Apache Apex SlideShare},

  Author                   = {Thomas Weise},
  HowPublished             = {Web Page},
  Month                    = jul,
  Note                     = {Accessed: 2017-03-26},
  Year                     = {2016},

  Owner                    = {S17-IR-2028},
  Timestamp                = {2017-03-26},
  Url                      = {https://www.slideshare.net/ThomasWeise/apache-apex-stream-processing-architecture-and-applications}
}

@Misc{www-apacheapexwiki,
  Title                    = {Apache Apex wiki},

  Author                   = {Wikipedia},
  HowPublished             = {Web Page},
  Note                     = {Accessed: 2017-03-26},

  Owner                    = {S17-IR-2028},
  Timestamp                = {2017-03-26},
  Url                      = {https://en.wikipedia.org/wiki/Apache_Apex}
}

@comment{jabref-meta: databaseType:bibtex;}

