@book{www-terraform-upandrunning,
  author =	 {{Yevgeniy Brikman}},
  keywords =     {terraform, go code, API}, 
  title =	 {{Terraform: Up and Running:Writing Infrastructure as Code}},
  url =		 {http://shop.oreilly.com/product/0636920061939.do},
  howpublished = {Web Page},
  isbn	=	 {978-1491977088},
  year =	 2017,
  month =	 mar,
  pages = 	 10,
  publisher =    {O'reilly media},
  note =         {Accessed : 2017-2-24},
  edition =      {first}
}

@book{www-terraform-upandrunning,
  author =	 {{Yevgeniy Brikman}},
  keywords =     {ad-hoc , ansible , packer}, 
  title =	 {{Terraform: Up and Running:Writing Infrastructure as Code}},
  url =		 {http://shop.oreilly.com/product/0636920061939.do},
  howpublished = {Web Page},
  isbn	=	 {978-1491977088},
  year =	 2017,
  month =	 mar,
  publisher =    {O'reilly media},
  note =         {Accessed : 2017-2-24},
  pages =        {2-3},
  edition = {first}
}
@book{www-terraform-upandrunning,
  author =	 {{Yevgeniy Brikman}},
  keywords =     {idempotence, ansible}, 
  title =	 {{Terraform: Up and Running:Writing Infrastructure as Code}},
  url =		 {http://shop.oreilly.com/product/0636920061939.do},
  howpublished = {Web Page},
  isbn	=	 {978-1491977088},
  year =	 2017,
  month =	 mar,
  publisher =    {O'reilly media},
  note =         {Accessed : 2017-2-24},
  pages =        {3-4},
  edition =      {first}
}
@book{www-terraform-upandrunning,
  author =	 {{Yevgeniy Brikman}},
  keywords =     {terraform, packer, cloudformation}, 
  title =	 {{Terraform: Up and Running:Writing Infrastructure as Code}},
  url =		 {http://shop.oreilly.com/product/0636920061939.do},
  howpublished = {Web Page},
  isbn	=	 {978-1491977088},
  year =	 {2017},
  month =	 mar,
  publisher =    {O'reilly media},
  note =         {Accessed : 2017-2-24},
  pages =        {4-7}
  edition = {first}
}
@Misc {www-terraform,
  Title =        {Introduction to Terraform},
  key =		 {terraform},
  howpublished = {Web Page},
  url =		 {https://www.terraform.io/intro/index.html},
  Note =         {Accessed: 2017-03-25},
  year =         2014,
  month =        oct
}
@Misc{www-terraform-othersoftware,
  Title =          {Terraform vs. Other Software},
  Key =            { Terraform, Chef, Puppet, Cloudformation},
  howpublished =   {Web Page},
  url =            {https://www.terraform.io/intro/vs/cloudformation.html},
  Note = 	   {Accessed: 2017-03-27},
  Year = 	   2014,
  Month = 	    oct
}

@Book{www-terraform-book,
  Title =        {The Terraform Book},
  Author =       {James Turnbull},
  Publisher =    {Turnbull Press},
  edition =      {110},
  year =         2016,
  month =        nov ,
  isbn =         9780988820258,
  Note =         {Accessed:2017-03-25}
}
