
@Misc{ciscolive-introduction,
  author       = {Tomar Hagay},
  title        = {Build a Better Cloud with Cisco Intelligent Automation for Cloud},
  year         = {2014},
  howpublished = {Webpage},
  url          = {https://www.ciscolive.com/online/connect/sessionDetail.ww?SESSION_ID=76497&tclass=popup},
  owner        = {S17-IR-2018},
}

@Misc{cisco-wikibon,
  author       = {Stuart Miniman},
  title        = {Cisco Moves Up the Cloud Stack with Intelligent Automation},
  date         = {2011-02-11},
  howpublished = {Webpage},
  url          = {http://wikibon.org/wiki/v/Cisco_Moves_Up_the_Cloud_Stack_with_Intelligent_Automation},
  owner        = {S17-IR-2018},
}

@Manual{cisco-datasheet,
  title        = {Cisco Intelligent Automation for Cloud},
  year         = {2011},
  organization = {Cisco Systems},
  url          = {http://www.cisco.com/c/dam/en_us/training-events/le21/le34/downloads/689/vmworld/CIAC_Cisco_Intelligent_Automation_Cloud.pdf},
  owner        = {S17-IR-2018},
}

@Manual{cloudportal-datasheet,
  title        = {Cisco Cloud Portal},
  year         = {2011},
  organization = {Cisco Systems},
  url          = {http://www.cisco.com/c/dam/en/us/products/collateral/cloud-systems-management/cloud-portal/cisco_cloud_portal.pdf},
  owner        = {S17-IR-2018},
}

@Misc{cisco-orchestrator,
  title        = {Cisco Process Orchestrator},
  howpublished = {Webpage},
  url          = {http://www.cisco.com/c/en/us/products/cloud-systems-management/process-orchestrator/index.html},
  owner        = {S17-IR-2018},
}

@Manual{orchestrator-datasheet,
  title        = {Cisco Process Orchestrator 3.0 Integrations and Automation Packs},
  year         = {2013},
  organization = {Cisco Systems},
  url          = {http://www.cisco.com/en/US/docs/net_mgmt/datacenter_mgmt/Process_Orchestrator/3.0/Integration_Automation/CPO_3.0_Integrations_and_Automation_Packs.pdf},
  owner        = {S17-IR-2018},
}

@Manual{cisco-provisioner,
  title        = {Cisco Server Provisioner User's Guide},
  date         = {2016-12-20},
  organization = {LinMin Corp. and Cisco Systems},
  url          = {https://linmin.com/cisco/help/index.html?introduction.html},
  owner        = {S17-IR-2018},
}

@Misc{cisco-mondora,
  author       = {Francesco Mondora},
  title        = {Cisco Intelligent Automation for Cloud 4.0},
  howpublished = {Webpage},
  url          = {https://www.mondora.com/#!/post/12d838f9aa9a6a3c144d29cc6ff56a7c},
  owner        = {S17-IR-2018},
}



@InProceedings{las14cloudmeshmultiple,
  title =	 {{Accessing Multiple Clouds with Cloudmesh}},
  author =	 {von Laszewski, Gregor and Wang, Fugang and Lee,
                  Hyungro and Chen, Heng and Fox, Geoffrey C.},
  booktitle =	 {Proceedings of the 2014 ACM International Workshop
                  on Software-defined Ecosystems},
  year =	 2014,
  address =	 {New York, NY, USA},
  pages =	 {21--28},
  publisher =	 {ACM},
  series =	 {BigSystem '14},
  acmid =	 2609638,
  doi =		 {10.1145/2609441.2609638},
  isbn =	 {978-1-4503-2909-5},
  keywords =	 {cloud computing},
  location =	 {Vancouver, BC, Canada},
  numpages =	 8,
  url =		 {http://doi.acm.org/10.1145/2609441.2609638}
}

@misc{www-i524,
  author =	 {{Gregor von Laszewski and Badi Abdul-Wahid}},
  title =	 {{Big Data Classes}},
  url =		 {https://cloudmesh.github.io/classes/},
  howpublished = {Web Page},
  address =	 {Indiana University},
  year =	 2017,
  month =	 jan
}

@Misc {www-underscore,
  key =		 {google},
  howpublished = {Web Page},
  url =		 {http://www.google.com/some_underscore}
}
