@InProceedings{las14cloudmeshmultiple,
  title =	 {{Accessing Multiple Clouds with Cloudmesh}},
  author =	 {von Laszewski, Gregor and Wang, Fugang and Lee,
                  Hyungro and Chen, Heng and Fox, Geoffrey C.},
  booktitle =	 {Proceedings of the 2014 ACM International Workshop
                  on Software-defined Ecosystems},
  year =	 2014,
  address =	 {New York, NY, USA},
  pages =	 {21--28},
  publisher =	 {ACM},
  series =	 {BigSystem '14},
  acmid =	 2609638,
  doi =		 {10.1145/2609441.2609638},
  isbn =	 {978-1-4503-2909-5},
  keywords =	 {cloud computing},
  location =	 {Vancouver, BC, Canada},
  numpages =	 8,
  url =		 {http://doi.acm.org/10.1145/2609441.2609638}
}

@Misc{www-plat,
	title = {{Oracle Labs PGX Downloads}},
	author = {{Oracle Labs}},
	howpublished = {Web Page},
	note = {Accessed: 2017-02-24},
	owner = {S17-IR-2035},
	url = {http://www.oracle.com/technetwork/oracle-labs/parallel-graph-analytics/downloads/index.html}
}

@Misc{www-usage,
	title = {{PGX Usage Modes}},
	author = {{Oracle Labs}},
	howpublished = {Web Page},
	note = {Accessed: 2017-02-24},
	owner = {S17-IR-2035},
	url = {https://docs.oracle.com/cd/E56133_01/2.3.1/reference/overview/usage.html}
}

@Misc{www-mut,
	title = {{Mutating Graphs}},
	author = {{Oracle Labs}},
	howpublished = {Web Page},
	note = {Accessed: 2017-02-24},
	owner = {S17-IR-2035},
	url = {https://docs.oracle.com/cd/E56133_01/2.3.1/reference/overview/mutate.html}
}

@Misc{www-graph,
	title = {{Running Graph Algorithms on PGX}},
	author = {{Oracle Labs}},
	howpublished = {Web Page},
	note = {Accessed: 2017-02-24},
	owner = {S17-IR-2035},
	url = {https://docs.oracle.com/cd/E56133_01/2.3.1/reference/overview/run.html}
}

@Misc{www-limit,
	title = {{About This OTN Release}},
	author = {{Oracle Labs}},
	howpublished = {Web Page},
	note = {Accessed: 2017-02-24},
	owner = {S17-IR-2035},
	url = {https://docs.oracle.com/cd/E56133_01/2.3.1/about/index.html}
}

@Misc{www-wel,
	title = {{Oracle Labs PGX}},
	author = {{Oracle Labs}},
	howpublished = {Web Page},
	note = {Accessed: 2017-02-24},
	owner = {S17-IR-2035},
	url = {https://docs.oracle.com/cd/E56133_01/1.2.0/index.html}
}

@inproceedings{welc2013graph,
  title={Graph analysis: do we have to reinvent the wheel?},
  author={Welc, Adam and Raman, Raghavan and Wu, Zhe and Hong, Sungpack and Chafi, Hassan and Banerjee, Jay},
  booktitle={First International Workshop on Graph Data Management Experiences and Systems},
  pages={7},
  year={2013},
  organization={ACM}
}

@inproceedings{hong2012green,
  title={Green-Marl: a DSL for easy and efficient graph analysis},
  author={Hong, Sungpack and Chafi, Hassan and Sedlar, Edic and Olukotun, Kunle},
  booktitle={ACM SIGARCH Computer Architecture News},
  volume={40},
  number={1},
  pages={349--362},
  year={2012},
  organization={ACM}
}

@Misc{www-use,
	title = {{Use Cases}},
	author = {{Oracle Labs}},
	howpublished = {Web Page},
	note = {Accessed: 2017-02-26},
	owner = {S17-IR-2035},
	url = {https://docs.oracle.com/cd/E56133_01/1.2.0/use-cases/index.html}
}

@Misc{www-hcs,
	title = {{Detect Anomalies in a Healthcare System}},
	author = {{Oracle Labs}},
	howpublished = {Web Page},
	note = {Accessed: 2017-02-26},
	owner = {S17-IR-2035},
	url = {https://docs.oracle.com/cd/E56133_01/1.2.0/use-cases/healthcare-fraud/index.html}
}

@Misc{www-rec,
	title = {{Using PGX as a Recommendation Engine}},
	author = {{Oracle Labs}},
	howpublished = {Web Page},
	note = {Accessed: 2017-02-26},
	owner = {S17-IR-2035},
	url = {https://docs.oracle.com/cd/E56133_01/1.2.0/use-cases/recommendation/index.html}
}

@Misc{www-over,
	title = {{PGX Overview}},
	author = {{Oracle Labs}},
	howpublished = {Web Page},
	note = {Accessed: 2017-02-26},
	owner = {S17-IR-2035},
	url = {https://docs.oracle.com/cd/E56133_01/1.2.0/reference/overview/index.html}
}
