
@misc{www-apache1,
	title = {Apache {Storm}},
	url = {http://storm.apache.org/},
	urldate = {2017-04-16},
	file = {Apache Storm:/home/vasanth/.mozilla/firefox/9wmfc1j3.default/zotero/storage/X5722DQP/storm.apache.org.html:text/html}
}

@misc{www-wiki-storm,
	title = {Storm (event processor) - {Wikipedia}},
	url = {https://en.wikipedia.org/wiki/Storm_(event_processor)},
	urldate = {2017-04-16},
	file = {Storm (event processor) - Wikipedia:/home/vasanth/.mozilla/firefox/9wmfc1j3.default/zotero/storage/7X56JME7/Storm_(event_processor).html:text/html}
}

@misc{www-storm-apache,
	title = {Apache {Storm}},
	url = {http://storm.apache.org/},
	urldate = {2017-04-16},
	file = {Apache Storm:/home/vasanth/.mozilla/firefox/9wmfc1j3.default/zotero/storage/7X77VJAK/storm.apache.org.html:text/html}
}

@misc{www-storm-zookeeper,
	title = {Apache {ZooKeeper} - {Releases}},
	url = {http://zookeeper.apache.org/releases.html},
	urldate = {2017-04-16},
	file = {Apache ZooKeeper - Releases:/home/vasanth/.mozilla/firefox/9wmfc1j3.default/zotero/storage/XVJ5X2VG/releases.html:text/html}
}


@misc{www-nnf1,
	title = {Apache {Storm}: {Could} not find leader nimbus from seed hosts - {Stack} {Overflow}},
	url = {http://stackoverflow.com/questions/36742451/apache-storm-could-not-find-leader-nimbus-from-seed-hosts},
	urldate = {2017-04-29},
	file = {Apache Storm\: Could not find leader nimbus from seed hosts - Stack Overflow:/home/vasanth/.mozilla/firefox/9wmfc1j3.default/zotero/storage/FA7AB3VZ/apache-storm-could-not-find-leader-nimbus-from-seed-hosts.html:text/html}
}

@misc{www-nnf2,
	title = {Solutions for {Storm} {Nimbus} {Failure} - {Hortonworks}},
	url = {https://community.hortonworks.com/articles/8844/solutions-for-storm-nimbus-failure.html},
	urldate = {2017-04-29},
	file = {Solutions for Storm Nimbus Failure - Hortonworks:/home/vasanth/.mozilla/firefox/9wmfc1j3.default/zotero/storage/S52MRRGC/solutions-for-storm-nimbus-failure.html:text/html}
}

@misc{www-nnf3,
	title = {Apache {Storm} is not running properly and worker.log generating exceptions - {Stack} {Overflow}},
	url = {http://stackoverflow.com/questions/38551229/apache-storm-is-not-running-properly-and-worker-log-generating-exceptions},
	urldate = {2017-04-29},
	file = {Apache Storm is not running properly and worker.log generating exceptions - Stack Overflow:/home/vasanth/.mozilla/firefox/9wmfc1j3.default/zotero/storage/33EQ92VP/apache-storm-is-not-running-properly-and-worker-log-generating-exceptions.html:text/html}
}

@misc{www-nnf4,
	title = {java - {Apache} {Storm} {Supervisor} not {Running} the {Bolt} - {Stack} {Overflow}},
	url = {http://stackoverflow.com/questions/28667548/apache-storm-supervisor-not-running-the-bolt},
	urldate = {2017-04-29},
	file = {java - Apache Storm Supervisor not Running the Bolt - Stack Overflow:/home/vasanth/.mozilla/firefox/9wmfc1j3.default/zotero/storage/D9NDPKXG/apache-storm-supervisor-not-running-the-bolt.html:text/html}
}



@misc{www-rtc1,
	title = {Running {Topologies} on a {Production} {Cluster}},
	url = {http://storm.apache.org/releases/1.0.3/Running-topologies-on-a-production-cluster.html},
	urldate = {2017-04-29}
}

@misc{www-rtc2,
	title = {java - {How} to submit a topology in storm production cluster using {IDE} - {Stack} {Overflow}},
	url = {http://stackoverflow.com/questions/15781176/how-to-submit-a-topology-in-storm-production-cluster-using-ide},
	urldate = {2017-04-29},
	file = {java - How to submit a topology in storm production cluster using IDE - Stack Overflow:/home/vasanth/.mozilla/firefox/9wmfc1j3.default/zotero/storage/HBMEWUFZ/how-to-submit-a-topology-in-storm-production-cluster-using-ide.html:text/html}
}

@misc{www-rtc3,
	title = {Deploy and manage {Apache} {Storm} topologies on {Linux}-based {HDInsight} {\textbar} {Microsoft} {Docs}},
	url = {https://docs.microsoft.com/en-us/azure/hdinsight/hdinsight-storm-deploy-monitor-topology-linux},
	urldate = {2017-04-29}
}

@misc{www-rtc4,
	title = {Setting up {Storm} and {Running} {Your} {First} {Topology} {\textbar} {Harold} {Nguyen}'s {Blog}},
	url = {http://www.haroldnguyen.com/blog/2015/01/setting-up-storm-and-running-your-first-topology/},
	urldate = {2017-04-29},
	file = {Setting up Storm and Running Your First Topology, Harold Nguyen's Blog:/home/vasanth/.mozilla/firefox/9wmfc1j3.default/zotero/storage/VT7G66T7/setting-up-storm-and-running-your-first-topology.html:text/html}
}

@misc{www-rtc5,
	title = {Running {Topologies} on a {Storm} {Cluster} {\textbar} {CoreJavaGuru}},
	url = {http://www.corejavaguru.com/bigdata/storm/running-topologies-on-a-cluster},
	urldate = {2017-04-29},
	file = {Running Topologies on a Storm Cluster, CoreJavaGuru:/home/vasanth/.mozilla/firefox/9wmfc1j3.default/zotero/storage/XMI7G6B6/running-topologies-on-a-cluster.html:text/html}
}

@misc{www-rtc6,
	title = {Is there a way to create {Dynamic} {Topologies} in {Apache} {Storm}? - {Hortonworks}},
	url = {https://community.hortonworks.com/questions/70650/is-there-a-way-to-create-dynamic-topologies-in-apa.html},
	urldate = {2017-04-29},
	file = {Is there a way to create Dynamic Topologies in Apache Storm? - Hortonworks:/home/vasanth/.mozilla/firefox/9wmfc1j3.default/zotero/storage/77A487II/is-there-a-way-to-create-dynamic-topologies-in-apa.html:text/html}
}


@misc{www-sd1,
	title = {storm/defaults.yaml at master · apache/storm},
	url = {https://github.com/apache/storm/blob/master/conf/defaults.yaml},
	urldate = {2017-04-29},
	file = {storm/defaults.yaml at master · apache/storm:/home/vasanth/.mozilla/firefox/9wmfc1j3.default/zotero/storage/9N3J3PQI/defaults.html:text/html}
}


@misc{www-storm1,
	title = {Setting up a {Storm} {Cluster}},
	url = {http://storm.apache.org/releases/1.0.3/Setting-up-a-Storm-cluster.html},
	urldate = {2017-04-29},
	file = {Setting up a Storm Cluster:/home/vasanth/.mozilla/firefox/9wmfc1j3.default/zotero/storage/F74C5KPS/Setting-up-a-Storm-cluster.html:text/html}
}

@misc{www-storm2,
	title = {How to {Deploy} {Apache} {Storm} on {AWS} {\textbar} {Cloud} {Academy}},
	url = {http://cloudacademy.com/blog/how-to-deploy-apache-storm-on-aws/},
	urldate = {2017-04-29},
	file = {How to Deploy Apache Storm on AWS, Cloud Academy:/home/vasanth/.mozilla/firefox/9wmfc1j3.default/zotero/storage/HEW5DHZK/how-to-deploy-apache-storm-on-aws.html:text/html}
}

@misc{www-storm3,
	title = {Deploy and manage {Apache} {Storm} topologies on {Linux}-based {HDInsight} {\textbar} {Microsoft} {Docs}},
	url = {https://docs.microsoft.com/en-us/azure/hdinsight/hdinsight-storm-deploy-monitor-topology-linux},
	urldate = {2017-04-29},
	file = {Deploy and manage Apache Storm topologies on Linux-based HDInsight, Microsoft Docs:/home/vasanth/.mozilla/firefox/9wmfc1j3.default/zotero/storage/GCIX5RSJ/hdinsight-storm-deploy-monitor-topology-linux.html:text/html}
}

@misc{www-storm4,
	title = {Running a {Multi}-{Node} {Storm} {Cluster} - {Michael} {G}. {Noll}},
	url = {http://www.michael-noll.com/tutorials/running-multi-node-storm-cluster/},
	urldate = {2017-04-29},
	file = {Running a Multi-Node Storm Cluster - Michael G. Noll:/home/vasanth/.mozilla/firefox/9wmfc1j3.default/zotero/storage/UT9V656M/running-multi-node-storm-cluster.html:text/html}
}

@misc{www-storm5,
	title = {How to {Deploy} an {Apache} {Storm} {Cluster} to the {Amazon} {Elastic} {Compute} {Cloud} ({EC}2) – {Knowm}.org},
	url = {http://knowm.org/how-to-deploy-an-apache-storm-cluster-to-the-amazon-elastic-compute-cloud-ec2/},
	urldate = {2017-04-29},
	file = {How to Deploy an Apache Storm Cluster to the Amazon Elastic Compute Cloud (EC2) – Knowm.org:/home/vasanth/.mozilla/firefox/9wmfc1j3.default/zotero/storage/TQSC2BMV/how-to-deploy-an-apache-storm-cluster-to-the-amazon-elastic-compute-cloud-ec2.html:text/html}
}

@misc{www-storm6,
	title = {nathanmarz/storm-deploy: {One} click deploy for {Storm} clusters on {AWS}},
	url = {https://github.com/nathanmarz/storm-deploy},
	urldate = {2017-04-29},
	file = {nathanmarz/storm-deploy\: One click deploy for Storm clusters on AWS:/home/vasanth/.mozilla/firefox/9wmfc1j3.default/zotero/storage/8TT5HEXN/storm-deploy.html:text/html}
}

@misc{www-storm7,
	title = {java - {Apache} {Storm} {Topology} deployment - {Stack} {Overflow}},
	url = {http://stackoverflow.com/questions/34037377/apache-storm-topology-deployment},
	urldate = {2017-04-29},
	file = {java - Apache Storm Topology deployment - Stack Overflow:/home/vasanth/.mozilla/firefox/9wmfc1j3.default/zotero/storage/XHAAB2FF/apache-storm-topology-deployment.html:text/html}
}

@misc{www-storm8,
	title = {Apache {Storm} {Cluster} {Architecture}},
	url = {https://www.tutorialspoint.com/apache_storm/apache_storm_cluster_architecture.htm},
	urldate = {2017-04-29},
	file = {Apache Storm Cluster Architecture:/home/vasanth/.mozilla/firefox/9wmfc1j3.default/zotero/storage/A9HUBHFQ/apache_storm_cluster_architecture.html:text/html}
}

@misc{www-storm9,
	title = {Apache {Storm}: {What} {We} {Learned} {About} {Scaling}},
	url = {https://www.loggly.com/blog/what-we-learned-about-scaling-with-apache-storm/},
	urldate = {2017-04-29},
	file = {Apache Storm\: What We Learned About Scaling:/home/vasanth/.mozilla/firefox/9wmfc1j3.default/zotero/storage/N3CNPFW9/what-we-learned-about-scaling-with-apache-storm.html:text/html}
}

@misc{www-storm10,
	title = {How {Spotify} {Scales} {Apache} {Storm} {\textbar} {Labs}},
	url = {https://labs.spotify.com/2015/01/05/how-spotify-scales-apache-storm/},
	urldate = {2017-04-29},
	file = {How Spotify Scales Apache Storm, Labs:/home/vasanth/.mozilla/firefox/9wmfc1j3.default/zotero/storage/TAAZPEX4/how-spotify-scales-apache-storm.html:text/html}
}



@misc{www-zk1,
	title = {{ZooKeeper} {Administrator}'s {Guide}},
	url = {https://zookeeper.apache.org/doc/r3.3.2/zookeeperAdmin.html},
	urldate = {2017-04-29},
	file = {ZooKeeper Administrator's Guide:/home/vasanth/.mozilla/firefox/9wmfc1j3.default/zotero/storage/66GNAED4/zookeeperAdmin.html:text/html}
}

@misc{www-zk2,
	title = {{ZooKeeper} {Cluster} ({Multi}-{Server}) {Setup} {\textbar} myjeeva blog},
	url = {https://myjeeva.com/zookeeper-cluster-setup.html},
	urldate = {2017-04-29},
	file = {ZooKeeper Cluster (Multi-Server) Setup, myjeeva blog:/home/vasanth/.mozilla/firefox/9wmfc1j3.default/zotero/storage/57AP488K/zookeeper-cluster-setup.html:text/html}
}

@misc{www-zk3,
	title = {Howto {Setup} {Apache} {Zookeeper} {Cluster} on {Multiple} {Nodes} in {Linux}},
	url = {http://www.thegeekstuff.com/2016/10/zookeeper-cluster-install/},
	urldate = {2017-04-29},
	file = {Howto Setup Apache Zookeeper Cluster on Multiple Nodes in Linux:/home/vasanth/.mozilla/firefox/9wmfc1j3.default/zotero/storage/KZCGVT28/zookeeper-cluster-install.html:text/html}
}

@misc{www-zk4,
	title = {Setting up {Apache} {ZooKeeper} {Cluster} {\textbar} {Apache} {ZooKeeper} {Tutorials}},
	url = {http://www.allprogrammingtutorials.com/tutorials/setting-up-apache-zookeeper-cluster.php},
	urldate = {2017-04-29},
	file = {Setting up Apache ZooKeeper Cluster, Apache ZooKeeper Tutorials:/home/vasanth/.mozilla/firefox/9wmfc1j3.default/zotero/storage/FUNGK44I/setting-up-apache-zookeeper-cluster.html:text/html}
}

@misc{www-zk5,
	title = {Clustering {Zookeeper}},
	url = {http://www.mastertheintegration.com/core-apache-projects/zookeeper/clustering-zookeeper.html},
	urldate = {2017-04-29},
	file = {Clustering Zookeeper:/home/vasanth/.mozilla/firefox/9wmfc1j3.default/zotero/storage/EB7QKM2Q/clustering-zookeeper.html:text/html}
}

@misc{www-zk6,
	title = {How {To} {Setup} a {Zookeeper} {Cluster} - {Beginners} {Guide}},
	url = {https://devopscube.com/how-to-setup-a-zookeeper-cluster/},
	urldate = {2017-04-29},
	file = {How To Setup a Zookeeper Cluster - Beginners Guide:/home/vasanth/.mozilla/firefox/9wmfc1j3.default/zotero/storage/49P8M866/how-to-setup-a-zookeeper-cluster.html:text/html}
}

@misc{www-zk7,
	title = {Cluster({Multi} server) setup for zookeeper exhibitor - {Stack} {Overflow}},
	url = {http://stackoverflow.com/questions/17343475/clustermulti-server-setup-for-zookeeper-exhibitor},
	urldate = {2017-04-29},
	file = {Cluster(Multi server) setup for zookeeper exhibitor - Stack Overflow:/home/vasanth/.mozilla/firefox/9wmfc1j3.default/zotero/storage/95HVZ4KH/clustermulti-server-setup-for-zookeeper-exhibitor.html:text/html}
}

@misc{www-zk8,
	title = {Zookeeper {Quick} {Guide}},
	url = {https://www.tutorialspoint.com/zookeeper/zookeeper_quick_guide.htm},
	urldate = {2017-04-29},
	file = {Zookeeper Quick Guide:/home/vasanth/.mozilla/firefox/9wmfc1j3.default/zotero/storage/E9PIBI9C/zookeeper_quick_guide.html:text/html}
}


@misc{www-zt1,
	title = {Zookeeper - three nodes and nothing but errors - {Stack} {Overflow}},
	url = {http://stackoverflow.com/questions/11498507/zookeeper-three-nodes-and-nothing-but-errors},
	urldate = {2017-04-29},
	file = {Zookeeper - three nodes and nothing but errors - Stack Overflow:/home/vasanth/.mozilla/firefox/9wmfc1j3.default/zotero/storage/XBADEBIE/zookeeper-three-nodes-and-nothing-but-errors.html:text/html}
}

@misc{www-zt2,
	title = {Zookeeper can not run becuase of {Invalid} config - {Stack} {Overflow}},
	url = {http://stackoverflow.com/questions/37738826/zookeeper-can-not-run-becuase-of-invalid-config},
	urldate = {2017-04-29},
	file = {Zookeeper can not run becuase of Invalid config - Stack Overflow:/home/vasanth/.mozilla/firefox/9wmfc1j3.default/zotero/storage/U257JQ4N/zookeeper-can-not-run-becuase-of-invalid-config.html:text/html}
}

@misc{www-zt3,
	title = {zookeeper-user - {Starting} zookeeper in replicated mode},
	url = {http://zookeeper-user.578899.n2.nabble.com/Starting-zookeeper-in-replicated-mode-td5205720.html},
	urldate = {2017-04-29},
	file = {zookeeper-user - Starting zookeeper in replicated mode:/home/vasanth/.mozilla/firefox/9wmfc1j3.default/zotero/storage/2Z4PVFTH/Starting-zookeeper-in-replicated-mode-td5205720.html:text/html}
}

@misc{www-zt4,
	title = {Solved: {Re}: zookeeper gets permission problem on /var/lib/... - {Cloudera} {Community}},
	url = {http://community.cloudera.com/t5/Cloudera-Manager-Installation/zookeeper-gets-permission-problem-on-var-lib-zookeeper/m-p/30749},
	urldate = {2017-04-29},
	file = {Solved\: Re\: zookeeper gets permission problem on /var/lib/... - Cloudera Community:/home/vasanth/.mozilla/firefox/9wmfc1j3.default/zotero/storage/UADK83E8/30749.html:text/html}
}

@misc{www-zt5,
	title = {java - what is zookeeper port and its usage? - {Stack} {Overflow}},
	url = {http://stackoverflow.com/questions/18168541/what-is-zookeeper-port-and-its-usage},
	urldate = {2017-04-29},
	file = {java - what is zookeeper port and its usage? - Stack Overflow:/home/vasanth/.mozilla/firefox/9wmfc1j3.default/zotero/storage/V67U4ZRH/what-is-zookeeper-port-and-its-usage.html:text/html}
}

@misc{www-zt6,
	title = {zookeeper-user - {Problem} with leader election},
	url = {http://zookeeper-user.578899.n2.nabble.com/Problem-with-leader-election-td7579173.html},
	urldate = {2017-04-29},
	file = {zookeeper-user - Problem with leader election:/home/vasanth/.mozilla/firefox/9wmfc1j3.default/zotero/storage/98P2A5IR/Problem-with-leader-election-td7579173.html:text/html}
}


@misc{bronson2013tao,
  title={TAO: Facebook's Distributed Data Store for the Social Graph.},
  author={Bronson, Nathan and Amsden, Zach and Cabrera, George and Chakka, Prasad and Dimov, Peter and Ding, Hui and Ferris, Jack and Giardullo, Anthony and Kulkarni, Sachin and Li, Harry C and others},
  booktitle={USENIX Annual Technical Conference},
  pages={49--60},
  year={2013}
}



@misc{storm,
  title={Storm@ twitter},
  author={Toshniwal, Ankit and Taneja, Siddarth and Shukla, Amit and Ramasamy, Karthik and Patel, Jignesh M and Kulkarni, Sanjeev and Jackson, Jason and Gade, Krishna and Fu, Maosong and Donham, Jake and others},
  booktitle={Proceedings of the 2014 ACM SIGMOD international conference on Management of data},
  pages={147--156},
  year={2014},
  organization={ACM}
}

@misc{kafka,
  title={Kafka: A distributed messaging system for log processing},
  author={Kreps, Jay and Narkhede, Neha and Rao, Jun and others},
  booktitle={Proceedings of the NetDB},
  pages={1--7},
  year={2011}
}


@misc{www-zookeeper,
	title = {Apache {ZooKeeper} - {Home}},
	url = {https://zookeeper.apache.org/},
	urldate = {2017-04-30},
	file = {Apache ZooKeeper - Home:/home/vasanth/.mozilla/firefox/9wmfc1j3.default/zotero/storage/6X3MPSRR/zookeeper.apache.org.html:text/html}
}
