% This file was created with JabRef 2.10.
% Encoding: UTF-8


@InProceedings{paper-jelastic1,
  Title                    = {Architectural tactics support in cloud computing providers: the jelastic case},
  Author                   = {Chavarriaga, Jaime and Noguera, Carlos A. and Casallas, Rubby and Jonckers, Viviane},
  Booktitle                = {Proceedings of the 10th international {ACM} {Sigsoft} conference on {Quality} of software architectures},
  Year                     = {2014},
  Pages                    = {13--22},
  Publisher                = {ACM},

  File                     = {Snapshot:/home/bigdata/.mozilla/firefox/2hrphxfh.default/zotero/storage/UBTGXMWG/citation.html:text/html},
  Owner                    = {S17-IR-2004},
  Shorttitle               = {Architectural tactics support in cloud computing providers},
  Url                      = {http://dl.acm.org/citation.cfm?id=2602580},
  Urldate                  = {2017-03-29}
}

@InProceedings{paper-jelastic2,
  Title                    = {Cloudserv: {Paas} resources provisioning for service-based applications},
  Author                   = {Yangui, Sami and Tata, Samir},
  Booktitle                = {Advanced {Information} {Networking} and {Applications} ({AINA}), 2013 {IEEE} 27th {International} {Conference} on},
  Year                     = {2013},
  Pages                    = {522--529},
  Publisher                = {IEEE},

  File                     = {Snapshot:/home/bigdata/.mozilla/firefox/2hrphxfh.default/zotero/storage/GQKHN9X2/6531799.html:text/html},
  Owner                    = {S17-IR-2004},
  Shorttitle               = {Cloudserv},
  Url                      = {http://ieeexplore.ieee.org/abstract/document/6531799/},
  Urldate                  = {2017-03-29}
}

@Misc{www-jelastic1,
  Title                    = {Jelastic {Multi}-{Cloud} {PaaS} and {CaaS} for {Business}},
  HowPublished             = {Web page},

  Abstract                 = {Jelastic is a cloud PaaS and CaaS for hosting providers, ISVs, DevOps and enterprises. It can be used for Public, Private, Hybrid and Multi-Cloud deployments.},
  File                     = {Snapshot:/home/bigdata/.mozilla/firefox/2hrphxfh.default/zotero/storage/ZEFZ5U8U/jelastic.com.html:text/html},
  Journal                  = {Jelastic},
  Owner                    = {S17-IR-2004},
  Url                      = {https://jelastic.com/},
  Urldate                  = {2017-03-29}
}

@Misc{www-jelastic3,
  Title                    = {Jelastic {Cloud} {Union} {Catalog}: {Choose} {Your} {Service} {Provider}},
  HowPublished             = {Web page},

  File                     = {Jelastic Cloud Union Catalog\: Choose Your Service Provider:/home/bigdata/.mozilla/firefox/2hrphxfh.default/zotero/storage/59527KUI/jelastic.cloud.html:text/html},
  Owner                    = {S17-IR-2004},
  Url                      = {https://jelastic.cloud/},
  Urldate                  = {2017-03-29}
}

@Misc{www-jelastic4,
  Title                    = {Auto scaling {Jelastic} {PaaS} in {UK}, {USA} {Southwest}, and {Singapore}},
  HowPublished             = {Web page},

  Abstract                 = {Get Layershift's Jelastic PaaS and pay by usage, not server size. Deploy and scale Java, Php, Ruby, Python or Node.js apps in seconds. 2 week free trial.},
  File                     = {Snapshot:/home/bigdata/.mozilla/firefox/2hrphxfh.default/zotero/storage/5DMUK4IP/jelastic.html:text/html},
  Owner                    = {S17-IR-2004},
  Url                      = {https://www.layershift.com/jelastic},
  Urldate                  = {2017-03-29}
}

@Misc{www-jelastic5,
  Title                    = {Jelastic {PaaS} {Cloud} {Application} {Hosting}},
  HowPublished             = {Web page},

  Abstract                 = {Jelastic Auto-Scalable PaaS for website and web applications hosting. Deploy Java, PHP, Ruby, Node.js, Python and .NET apps in the cloud. 14 days free trial.},
  File                     = {Snapshot:/home/bigdata/.mozilla/firefox/2hrphxfh.default/zotero/storage/JDJE4CFP/cloud-jelastic.html:text/html},
  Journal                  = {Lunacloud},
  Owner                    = {S17-IR-2004},
  Url                      = {https://www.lunacloud.com/cloud-jelastic},
  Urldate                  = {2017-03-29}
}

@Misc{www-jelastic2,
  Title                    = {Jelastic},
  HowPublished             = {Web page},
  Month                    = dec,
  Note                     = {Page Version ID: 754931676},
  Year                     = {2016},

  Abstract                 = {Jelastic (acronym for Java Elastic) is an unlimited PaaS and Container based IaaS within a single platform that provides high availability of applications, automatic vertical and horizontal scaling via containerization to software development clients, enterprise businesses, DevOps, System Admins, Developers, OEMs and web hosting providers. The company has developed technologies for moving Java, Node.js, Ruby, Python, .NET/Windows and PHP-based applications onto the cloud, solving the task of application delivery and simultaneously providing orchestration of multi-container environments in public, hybrid and private clouds. Originally based in Ukraine, the company’s headquarters are now in Palo Alto, California.
The company claims to currently be partnering with 41 web hosting providers “from more countries than any other cloud platform in the market.”},
  Copyright                = {Creative Commons Attribution-ShareAlike License},
  File                     = {Snapshot:/home/bigdata/.mozilla/firefox/2hrphxfh.default/zotero/storage/9N8FDWTR/index.html:text/html},
  Journal                  = {Wikipedia},
  Language                 = {en},
  Owner                    = {S17-IR-2004},
  Url                      = {https://en.wikipedia.org/w/index.php?title=Jelastic&oldid=754931676},
  Urldate                  = {2017-03-29}
}

@Misc{www-jelastic6,
	title = {5 {Key} {Reasons} {Why} {Jelastic} {PaaS} and {IaaS} for {Private} {Cloud} is {Better}},
	HowPublished           = {Web page},
	Owner                  = {S17-IR-2004},
	url = {http://blog.jelastic.com/2014/07/10/why-you-should-use-jelastic-platform-as-infrastructure-for-private-cloud/},
	abstract = {Why you Should use Jelastic Platform-as-Infrastructure for Private Cloud Instead of OpenStack, OpenShift, Pivotal or Cloud Foundry.},
	urldate = {2017-03-29},
	journal = {Jelastic Blog for Developers and Hosting Providers},
	month = jul,
	year = {2014},
	file = {Snapshot:/home/bigdata/.mozilla/firefox/2hrphxfh.default/zotero/storage/XQMA955C/why-you-should-use-jelastic-platform-as-infrastructure-for-private-cloud.html:text/html}
}
