@InProceedings{las14cloudmeshmultiple,
  title =	 {{Accessing Multiple Clouds with Cloudmesh}},
  author =	 {von Laszewski, Gregor and Wang, Fugang and Lee,
                  Hyungro and Chen, Heng and Fox, Geoffrey C.},
  booktitle =	 {Proceedings of the 2014 ACM International Workshop
                  on Software-defined Ecosystems},
  year =	 2014,
  address =	 {New York, NY, USA},
  pages =	 {21--28},
  publisher =	 {ACM},
  series =	 {BigSystem '14},
  acmid =	 2609638,
  doi =		 {10.1145/2609441.2609638},
  isbn =	 {978-1-4503-2909-5},
  keywords =	 {cloud computing},
  location =	 {Vancouver, BC, Canada},
  numpages =	 8,
  url =		 {http://doi.acm.org/10.1145/2609441.2609638}
}

@misc{www-i524,
  author =	 {{Gregor von Laszewski and Badi Abdul-Wahid}},
  title =	 {{Big Data Classes}},
  url =		 {https://cloudmesh.github.io/classes/},
  howpublished = {Web Page},
  address =	 {Indiana University},
  year =	 2017,
  month =	 jan
}

@Misc {www-underscore,
  key =		 {google},
  howpublished = {Web Page},
  url =		 {http://www.google.com/some_underscore}
}

@Misc{pent1,
  title        = {Pentaho},
  howpublished = {webpage},
  url          = {https://en.wikipedia.org/wiki/Pentaho},
  owner        = {S17-IR-2018},
}

@Misc{pent2,
  title        = {Community Wiki Home},
  howpublished = {Webpage},
  url          = {http://wiki.pentaho.com/display/COM/Community+Wiki+Home},
  owner        = {S17-IR-2018},
}

@Misc{pent3,
  title        = {Pentaho BI Suite Enterprise Edition},
  year         = {2006},
  howpublished = {Webpage},
  url          = {http://searchdatamanagement.techtarget.com/review/Pentaho-BI-Suite-Enterprise-Edition},
  owner        = {S17-IR-2018},
}

@Misc{pent4,
  author       = {María Carina Roldán},
  title        = {Pentaho Data Integration (Kettle) Tutorial},
  year         = {2008},
  howpublished = {Webpage},
  url          = {http://wiki.pentaho.com/display/EAI/Pentaho+Data+Integration+(Kettle)+Tutorial},
  owner        = {S17-IR-2018},
}

@Misc{pent5,
  author       = {Rodrigo Haces},
  title        = {Pentaho Data Integration Performance Tuning},
  date         = {2016-12-21},
  howpublished = {Webpage},
  url          = {https://support.pentaho.com/hc/en-us/articles/205715046-Best-Practice-Pentaho-Data-Integration-%20Performance-Tuning-},
  owner        = {S17-IR-2018},
}

@Misc{pent6,
  title        = {Pentaho Data Integration Architecture},
  date         = {2016-02-02},
  howpublished = {Webpage},
  url          = {https://help.pentaho.com/Documentation/5.3/0L0/0Y0/010},
  owner        = {S17-IR-2018},
}

@Misc{pent7,
  title        = {Understanding Pentaho Architecture},
  date         = {2014-09-26},
  howpublished = {Webpage},
  url          = {https://www.edureka.co/blog/understanding-pentaho-architecture/},
  owner        = {S17-IR-2018},
}

@Misc{pent8,
  title        = {What is Big Data?},
  howpublished = {Webpage},
  url          = {http://www.pentaho.com/what-is-big-data#tab-3},
  owner        = {S17-IR-2018},
}

@Misc{pent9,
  title        = {Monetize My Data},
  howpublished = {Webpage},
  url          = {http://www.pentaho.com/Monetize-My-Data},
  owner        = {S17-IR-2018},
}

@Misc{pent10,
  title        = {Compare Pentaho vs. Jaspersoft},
  date         = {2016-12-13},
  howpublished = {Webpage},
  url          = {https://comparisons.financesonline.com/jaspersoft-vs-pentaho},
  owner        = {S17-IR-2018},
}


@Misc{pentaho_wikipedia,
  title        = {Pentaho},
  howpublished = {webpage},
  url          = {https://en.wikipedia.org/wiki/Pentaho},
  owner        = {S17-IR-2018},
}

@Misc{pentaho-community,
  title        = {Community Wiki Home},
  howpublished = {Webpage},
  url          = {http://wiki.pentaho.com/display/COM/Community+Wiki+Home},
  owner        = {S17-IR-2018},
}

@Misc{pentaho-enterprise,
  title        = {Pentaho BI Suite Enterprise Edition},
  year         = {2006},
  howpublished = {Webpage},
  url          = {http://searchdatamanagement.techtarget.com/review/Pentaho-BI-Suite-Enterprise-Edition},
  owner        = {S17-IR-2018},
}

@Misc{pentaho-kettle,
  author       = {María Carina Roldán},
  title        = {Pentaho Data Integration (Kettle) Tutorial},
  year         = {2008},
  howpublished = {Webpage},
  url          = {http://wiki.pentaho.com/display/EAI/Pentaho+Data+Integration+(Kettle)+Tutorial},
  owner        = {S17-IR-2018},
}

@Misc{pentaho-dataIntegration,
  author       = {Rodrigo Haces},
  title        = {Pentaho Data Integration Performance Tuning},
  date         = {2016-12-21},
  howpublished = {Webpage},
  url          = {https://support.pentaho.com/hc/en-us/articles/205715046-Best-Practice-Pentaho-Data-Integration-%20Performance-Tuning-},
  owner        = {S17-IR-2018},
}

@Misc{pentaho-dataTransformation,
  title        = {Pentaho Data Integration Architecture},
  date         = {2016-02-02},
  howpublished = {Webpage},
  url          = {https://help.pentaho.com/Documentation/5.3/0L0/0Y0/010},
  owner        = {S17-IR-2018},
}

@Misc{pentaho-architecture,
  title        = {Understanding Pentaho Architecture},
  date         = {2014-09-26},
  howpublished = {Webpage},
  url          = {https://www.edureka.co/blog/understanding-pentaho-architecture/},
  owner        = {S17-IR-2018},
}

@Misc{pentaho-usecase,
  title        = {What is Big Data?},
  howpublished = {Webpage},
  url          = {http://www.pentaho.com/what-is-big-data#tab-3},
  owner        = {S17-IR-2018},
}

@Misc{pentaho-comparison,
  title        = {Compare Pentaho vs. Jaspersoft},
  date         = {2016-12-13},
  howpublished = {Webpage},
  url          = {https://comparisons.financesonline.com/jaspersoft-vs-pentaho},
  owner        = {S17-IR-2018},
}