@Misc{www-face-detection-using-haar,
  Title =	 {Face Detection Using Haar Cascades},
  Author =	 {{OpenCV Dev Team}},
  HowPublished = {Web Page},
  Month =	 feb,
  Note =	 {accessed 2017-03-11},
  Year =	 2014,
  Owner =	 {S17-IR-2011, S17-IR-2012, S17-IR-2024},
  Url =
                  {http://docs.opencv.org/3.0-beta/doc/py_tutorials/py_objdetect/py_face_detection/py_face_detection.html#face-detection}
}

@Misc{www-face-detection-wikipedia,
  key =		 {Face Detection},
  Title =	 {Face Detection},
  Author =	 {{Wikipedia}},
  HowPublished = {Web Page},
  Month =	 feb,
  Note =	 {Online; accessed 09-March-2017},
  Year =	 2017,
  Owner =	 {S17-IR-2011, S17-IR-2012, S17-IR-2024},
  Url =		 {https://en.wikipedia.org/wiki/Face_detection}
}

@Misc{www-opencv-wikipedia,
  key =		 {OpenCV},
  Title =	 {{OpenCV}},
  Author =	 {{{Wikipedia}}},
  HowPublished = {Web Page},
  Month =	 feb,
  Note =	 {Online; accessed 09-March-2017},
  Year =	 2017,
  Owner =	 {S17-IR-2011, S17-IR-2012, S17-IR-2024},
  Url =		 {https://en.wikipedia.org/wiki/OpenCV}
}

@Misc{www-ansible-wikipedia,
  key =		 {Ansible},
  Title =	 {Ansible_(software)},
  Author =	 {{Wikipedia}},
  HowPublished = {Web Page},
  Month =	 feb,
  Note =	 {Online; accessed 09-March-2017},
  Year =	 2017,
  Owner =	 {S17-IR-2011, S17-IR-2012, S17-IR-2024},
  Url =		 {https://en.wikipedia.org/wiki/Ansible_(software)}
}

@Misc{www-docker-wikipedia,
  key =		 {docker},
  Title =	 {Docker(software)},
  Author =	 {{{{Wikipedia}}}},
  HowPublished = {Web Page},
  Month =	 feb,
  Note =	 {Online; accessed 09-March-2017},
  Year =	 2017,
  Owner =	 {S17-IR-2011, S17-IR-2012, S17-IR-2024},
  Url =		 {https://en.wikipedia.org/wiki/Docker_(software)}
}

@Misc{www-list-of-datasets-wikipedia,
  key =		 {list-of-datasets},
  Title =	 {List of datasets for machine learning algorithms},
  Author =	 {{Wikipedia}},
  HowPublished = {Web Page},
  Month =	 feb,
  Note =	 {Online; accessed 10-March-2017},
  Year =	 2017,
  Owner =	 {S17-IR-2011, S17-IR-2012, S17-IR-2024},
  Url =
                  {https://en.wikipedia.org/wiki/List_of_datasets_for_machine_learning_research}
}

@Misc{www-docker-swarm,
  Title =	 {Swarm Mode Overview},
  Author =	 {{Docker Inc.}},
  HowPublished = {Web Page},
  Month =	 feb,
  Note =	 {accessed 2017-03-11},
  Year =	 2014,
  Owner =	 {S17-IR-2011, S17-IR-2012, S17-IR-2024},
  Url =		 {https://docs.docker.com/engine/swarm/}
}

@Misc{www-mesos,
  Title =	 {Apache Mesos},
  Author =	 {{Apache Software Foundation}},
  HowPublished = {Web Page},
  Month =	 mar,
  Note =	 {accessed 2017-04-01},
  Year =	 2014,
  Owner =	 {S17-IR-2011, S17-IR-2012, S17-IR-2024},
  Url =		 {http://mesos.apache.org/}
}

@InProceedings {www-mesos-paper,
  Author =	 {{Benjamin Hindman, Andy Konwinski, Matei Zaharia,
                  Ali Ghodsi, Anthony D. Joseph, Randy Katz, Scott
                  Shenker, Ion Stoica}},
  Title =	 {Mesos: A Platform for Fine-Grained Resource Sharing
                  in the Data Center},
  Booktitle =	 {8th USENIX Symposium on Networked Systems Design and
                  Implementation},
  Year =	 2010,
  Month =	 sept,
  Owner =	 {S17-IR-2012, S17-IR-2024, S17-IR-2011},
  Numpages =	 14,
  Url =		 {http://mesos.berkeley.edu/mesos_tech_report.pdf}
}
