@Misc{www-core,
  Title =	 {{Why CoreOS}},
  Author       = {{CoreOS}},
  HowPublished = {Web Page},
  Month        = jan,
  Note =	 {accessed: 2017-01-23},
  Year =	 2017,
  Owner =	 {S17-IO-3016},
  Url =		 {https://coreos.com/why/}
}

@Book{coreOSBook,
  title     = {CoreOS Essentials},
  publisher = {Packt Publishing Ltd},
  year      = {2015},
  author    = {Mocevicius, Rimantas},
  month     = jun,
  isbn      = {978-1785283949},
  owner     = {S17-IO-3016},
}

@Misc{www-coreOSquickstart,
  Title =	 {{CoreOS Quick Start}},
  Author       = {CoreOS},
  HowPublished = {Web Page},
  Month        = feb,
  Note =	 {accessed: 2017-02-17},
  Year =	 2017,
  Owner =	 {S17-IO-3016},
  Url =		 {https://coreos.com/os/docs/latest/quickstart.html}
}

@Misc{www-coreOSvagrant,
  Title =	 {{Vagrant}},
  Author       = {CoreOS},
  HowPublished = {Web Page},
  Month        = feb,
  Note =	 {accessed: 2017-02-17},
  Year =	 2017,
  Owner =	 {S17-IO-3016},
  Url =		 {https://coreos.com/os/docs/latest/booting-on-vagrant.html}
}

@inproceedings{julian2016containers,
  title={{Containers in Research: Initial Experiences with Lightweight Infrastructure}},
  author={Julian, Spencer and Shuey, Michael and Cook, Seth},
  booktitle={Proceedings of the XSEDE16 Conference on Diversity, Big Data, and Science at Scale},
  series = {XSEDE16},
 year = {2016},
 isbn = {978-1-4503-4755-6},
 location = {Miami, USA},
 pages = {25:1--25:6},
 articleno = {25},
 numpages = {6},
 url = {http://doi.acm.org.proxyiub.uits.iu.edu/10.1145/2949550.2949562},
 doi = {10.1145/2949550.2949562},
 acmid = {2949562},
 publisher = {ACM},
 address = {New York, NY, USA},
} 
@article{meyer2008metagenomics,
  title={{The metagenomics RAST server--a public resource for the automatic phylogenetic and functional analysis of metagenomes}},
  author={Meyer, Folker and Paarmann, Daniel and D'Souza, Mark and Olson, Robert and Glass, Elizabeth M and Kubal, Michael and Paczian, Tobias and Rodriguez, A and Stevens, Rick and Wilke, Andreas and others},
  journal={BMC Bioinformatics},
  volume={9},
  number={1},
  pages={386},
  year={2008},
  publisher={BioMed Central},
  doi={10.1186/1471-2105-9-386},
url={http://dx.doi.org/10.1186/1471-2105-9-386},
}


@article{wilke2016mg,
  title={{The MG-RAST metagenomics database and portal in 2015}},
 author = {Wilke, Andreas and Bischof, Jared and Gerlach, Wolfgang and Glass, Elizabeth and Harrison, Travis and Keegan, Kevin P. and Paczian, Tobias and Trimble, William L. and Bagchi, Saurabh and Grama, Ananth and Chaterji, Somali and Meyer, Folker},
  volume={44},
  number={D1},
  pages={D590--D594},
  year={2016},
  publisher={Oxford Univ Press},
  doi = {10.1093/nar/gkv1322},
URL = {http://dx.doi.org/10.1093/nar/gkv1322},
eprint = {/oup/backfile/Content_public/Journal/nar/44/D1/10.1093_nar_gkv1322/3/gkv1322.pdf},
}

@article{2SPRA, 
author={O. Adam and Y. C. Lee and A. Zomaya}, 
journal={IEEE Transactions on Parallel and Distributed Systems}, 
title={{Stochastic Resource Provisioning for Containerized Multi-Tier Web Services in Clouds}}, 
year={2016}, 
volume={PP}, 
number={99}, 
pages={1-1}, 
doi={10.1109/TPDS.2016.2639009}, 
ISSN={1045-9219}, 
}

@INPROCEEDINGS{2016NFVSolutions, 
author={L. Bondan and C. R. P. dos Santos and L. Z. Granville}, 
booktitle={2016 IEEE Symposium on Computers and Communication (ISCC)}, 
title={{Comparing virtualization solutions for NFV deployment: A network management perspective}}, 
year={2016}, 
pages={669-674}, 
doi={10.1109/ISCC.2016.7543814}, 
month=jun,
}

@Misc{www-coregit,
  Title =	 {{CoreOS}},
  Author       = {{CoreOS}},
  HowPublished = {Web Page},
  Month        = jan,
  Note =	 {accessed: 2017-02-26},
  Year =	 2017,
  Owner =	 {S17-IO-3016},
  Url =		 {https://github.com/coreos/}
}

@Misc{www-wiki,
  Title =	 {{init}},
  Author       = {{Wikipedia}},
  HowPublished = {Web Page},
  Month        = mar,
  Note =	 {accessed: 2017-03-28},
  Year =	 2017,
  Owner =	 {S17-IO-3016},
  Url =		 {https://en.wikipedia.org/wiki/Init}
}




