@Misc{BigDataApplication,
  author = {Sperhac , Jeanette M and Gallo , Steve and Greenberg , Jim
                  B and Lowe , Brian and Wilkerson , Bill and
                  Fulkerson , Greg and Heindl , Brett},
  title  = {Teaching Big Data analysis in the Social Sciences using a
                  HUBzero-based platform},
  month  = {Oct},
  year   = {2014},
  url    = {https://hubzero.org/resources/1235},
  owner    = {S17-IR-2001},
}

@Article{mclennan2010hubzero,
  title={HUBzero: a platform for dissemination and collaboration in
                  computational science and engineering},
  author={McLennan, Michael and Kennell, Rick},
  journal={Computing in Science \& Engineering},
  volume={12},
  number={2},
  year={2010},
  publisher={IEEE},
  owner    = {S17-IR-2001},
}

@article{klimeck2008nanohub,
  title={nanohub. org: Advancing education and research in nanotechnology},
  author={Klimeck, Gerhard and McLennan, Michael and Brophy, Sean P
                  and Adams III, George B and Lundstrom, Mark S},
  journal={Computing in Science \& Engineering},
  volume={10},
  number={5},
  pages={17--23},
  year={2008},
  publisher={IEEE}
}

@Misc{hubzerofeatures,
  title    = {hubzero:Platform For Scientific Collaborations},
  subtitle = {Features},
  howpublished = {webpage},
  url      = {https://hubzero.org/tour/features},
  owner    = {S17-IR-2001},
}

@Misc{hubzeropurduewebpage,
  title        = {Information Technology at Purdue Research Compting(RCAC)},
  subtitle     = {HUBzero},
  howpublished = {webpage},
  url          = {https://www.rcac.purdue.edu/services/hubzero/},
  owner        = {S17-IR-2001},
}

@Misc{hpcwirearticle2011,
  author       = {McLennan , Michael and Kline, Greg},
  title        = {HUBzero Paving the Way for the Third Pillar of Science},
  year         = {2011},
  date         = {2011-02-28},
  howpublished = {webpage},
  url          = {https://www.hpcwire.com/2011/02/28/hubzero_paving_the_way_for_the_third_pillar_of_science/},
  owner        = {S17-IR-2001},
}