@inproceedings{paper1-Naiad,
 author = {Murray, Derek G. and McSherry, Frank and Isaacs, Rebecca
                  and Isard, Michael and Barham, Paul and Abadi,
                  Mart\'{\i}n},
 title = {Naiad: A Timely Dataflow System},
 booktitle = {Proceedings of the Twenty-Fourth ACM Symposium on
                  Operating Systems Principles},
 series = {SOSP '13},
 year = {2013},
 isbn = {978-1-4503-2388-8},
 location = {Farminton, Pennsylvania},
 pages = {439--455},
 numpages = {17},
 url = {http://doi.acm.org/10.1145/2517349.2522738},
 doi = {10.1145/2517349.2522738},
 acmid = {2522738},
 publisher = {ACM},
 address = {New York, NY, USA},
 note = {Accessed: 2017-3-22},
 owner = {S17-IR-2026},
}

@techreport{paper2-Naiad,
author = {McSherry, Frank and Isaacs, Rebecca and Isard, Michael and
                  Murray, Derek},
title = {Composable Incremental and Iterative Data-Parallel
                  Computation with Naiad},
year = {2012},
month = {October},
number = {MSR-TR-2012-105},
publisher = {Microsoft Research},
url =
                  {https://www.microsoft.com/en-us/research/publication/composable-incremental-and-iterative-data-parallel-computation-with-naiad/},
note = {Accessed: 2017-3-24},
owner = {S17-IR-2026},
}

@article{paper3-Naiad,
 author = {Murray, Derek G. and McSherry, Frank and Isard, Michael and
                  Isaacs, Rebecca and Barham, Paul and Abadi, Martin},
 title = {Incremental, Iterative Data Processing with Timely
                  Dataflow},
 journal = {Commun. ACM},
 issue_date = {October 2016},
 volume = {59},
 number = {10},
 month = sep,
 year = {2016},
 issn = {0001-0782},
 pages = {75--83},
 numpages = {9},
 url = {http://doi.acm.org/10.1145/2983551},
 doi = {10.1145/2983551},
 acmid = {2983551},
 publisher = {ACM},
 address = {New York, NY, USA},
 note = {Accessed: 2017-3-22},
 owner = {S17-IR-2026},
}

@Misc{www-informationage-blog-wordpress-naiad,
author = {Edgar},
title = {Metadata and the Naiad post â€“ one other good blog on Data
                  Science/Engineering},
publisher = {wordpress.com},
month = jan,
year = {2017},
howpublished = {Blog},
url =
                  {https://theinformationageblog.wordpress.com/2017/01/09/metadata-and-the-naiad-post-one-other-good-blog-on-data-scienceengineering/},
key = {wordpress},
owner = {S17-IR-2026},
note = {Accessed: 23-Mar-2017},
}

@Misc{www--blog-huula-review-naiad,
author = {{HU2LA}},
title = {Review of "Naiad: A Timely Dataflow System" < huula
                  . Webdesign + AI},
publisher = {huu.la},
month = sep,
year = {2015},
howpublished = {Blog},
url = {https://huu.la/blog/review-of-naiad-a-timely-dataflow-system},
key = {huula},
owner = {S17-IR-2026},
note = {Accessed: 23-Mar-2017},
}

@inproceedings{paper-incoop,
 author = {Bhatotia, Pramod and Wieder, Alexander and Rodrigues,
                  Rodrigo and Acar, Umut A. and Pasquin, Rafael},
 title = {Incoop: MapReduce for Incremental Computations},
 booktitle = {Proceedings of the 2Nd ACM Symposium on Cloud
                  Computing},
 series = {SOCC '11},
 year = {2011},
 isbn = {978-1-4503-0976-9},
 location = {Cascais, Portugal},
 pages = {7:1--7:14},
 articleno = {7},
 numpages = {14},
 url = {http://doi.acm.org/10.1145/2038916.2038923},
 doi = {10.1145/2038916.2038923},
 acmid = {2038923},
 publisher = {ACM},
 address = {New York, NY, USA},
 note = {Accessed: 2017-3-22},
 owner = {S17-IR-2026},
 keywords = {memoization, self-adjusting computation, stability},
}

@inproceedings{paper-nectar,
 author = {Gunda, Pradeep Kumar and Ravindranath, Lenin and Thekkath,
                  Chandramohan A. and Yu, Yuan and Zhuang, Li},
 title = {Nectar: Automatic Management of Data and Computation in
                  Datacenters},
 booktitle = {Proceedings of the 9th USENIX Conference on Operating
                  Systems Design and Implementation},
 series = {OSDI'10},
 year = {2010},
 location = {Vancouver, BC, Canada},
 pages = {75--88},
 numpages = {14},
 url = {http://dl.acm.org/citation.cfm?id=1924943.1924949},
 acmid = {1924949},
 publisher = {USENIX Association},
 note = {Accessed: 2017-3-22},
 owner = {S17-IR-2026},
 address = {Berkeley, CA, USA},
}

@article{eventstream,
  author = {Roger S. Barga and
               Jonathan Goldstein and
               Mohamed H. Ali and
               Mingsheng Hong},
  title = {Consistent Streaming Through Time: {A} Vision for Event
                  Stream Processing},
  journal = {CoRR},
  volume = {abs/cs/0612115},
  year = {2006},
  note = {Accessed: 2017-3-22},
  owner = {S17-IR-2026},
  url = {http://arxiv.org/abs/cs/0612115},
  timestamp = {Wed, 10 Oct 2012 21:28:59 +0200},
  biburl = {http://dblp.uni-trier.de/rec/bib/journals/corr/abs-cs-0612115},
}

@inproceedings{paper-spade,
 author = {Gedik, Bugra and Andrade, Henrique and Wu, Kun-Lung and Yu,
                  Philip S. and Doo, Myungcheol},
 title = {SPADE: The System s Declarative Stream Processing Engine},
 booktitle = {Proceedings of the 2008 ACM SIGMOD International
                  Conference on Management of Data},
 series = {SIGMOD '08},
 year = {2008},
 isbn = {978-1-60558-102-6},
 location = {Vancouver, Canada},
 pages = {1123--1134},
 numpages = {12},
 url = {http://doi.acm.org/10.1145/1376616.1376729},
 doi = {10.1145/1376616.1376729},
 acmid = {1376729},
 publisher = {ACM},
 note = {Accessed: 2017-3-22},
 owner = {S17-IR-2026},
 address = {New York, NY, USA},
 keywords = {distributed data stream processing},
}

@incollection{paper-maintainance,
 author = {Gupta, Ashish and Mumick, Inderpal Singh},
 chapter = {Maintenance of Materialized Views: Problems, Techniques,
                  and Applications},
 title = {Materialized Views},
 editor = {Gupta, Ashish and Mumick, Iderpal Singh},
 year = {1999},
 isbn = {0-262-57122-6},
 pages = {145--157},
 numpages = {13},
 url = {http://dl.acm.org/citation.cfm?id=310709.310737},
 acmid = {310737},
 note = {Accessed: 2017-3-24},
 owner = {S17-IR-2026},
 publisher = {MIT Press},
 address = {Cambridge, MA, USA},
}

@ARTICLE{paper-datalog,
author={S. Ceri and G. Gottlob and L. Tanca},
journal={IEEE Transactions on Knowledge and Data Engineering},
title={What you always wanted to know about Datalog (and never dared
                  to ask)},
year={1989},
volume={1},
number={1},
pages={146-166},
doi={10.1109/69.43410},
ISSN={1041-4347},
month={Mar},
note = {Accessed: 2017-3-24},
owner = {S17-IR-2026},
}

@article{paper-SQL,
 author = {Eisenberg, Andrew and Melton, Jim},
 title = {SQL: 1999, Formerly Known As SQL3},
 journal = {SIGMOD Rec.},
 issue_date = {March 1999},
 volume = {28},
 number = {1},
 month = mar,
 note = {Accessed: 2017-3-22},
 owner = {S17-IR-2026},
 year = {1999},
 issn = {0163-5808},
 pages = {131--138},
 numpages = {8},
 url = {http://doi.acm.org/10.1145/309844.310075},
 doi = {10.1145/309844.310075},
 acmid = {310075},
 publisher = {ACM},
 address = {New York, NY, USA},
}

@article{paper-haloop,
 author = {Bu, Yingyi and Howe, Bill and Balazinska, Magdalena and
                  Ernst, Michael D.},
 title = {HaLoop: Efficient Iterative Data Processing on Large
                  Clusters},
 journal = {Proc. VLDB Endow.},
 issue_date = {September 2010},
 volume = {3},
 number = {1-2},
 month = sep,
 year = {2010},
 issn = {2150-8097},
 pages = {285--296},
 numpages = {12},
 url = {http://dx.doi.org/10.14778/1920841.1920881},
 doi = {10.14778/1920841.1920881},
 acmid = {1920881},
 note = {Accessed: 2017-3-22},
 owner = {S17-IR-2026},
 publisher = {VLDB Endowment},
}

@inproceedings{paper-twister,
 author = {Ekanayake, Jaliya and Li, Hui and Zhang, Bingjing and
                  Gunarathne, Thilina and Bae, Seung-Hee and Qiu, Judy
                  and Fox, Geoffrey},
 title = {Twister: A Runtime for Iterative MapReduce},
 booktitle = {Proceedings of the 19th ACM International Symposium on
                  High Performance Distributed Computing},
 series = {HPDC '10},
 year = {2010},
 isbn = {978-1-60558-942-8},
 location = {Chicago, Illinois},
 pages = {810--818},
 numpages = {9},
 url = {http://doi.acm.org/10.1145/1851476.1851593},
 doi = {10.1145/1851476.1851593},
 acmid = {1851593},
 publisher = {ACM},
 address = {New York, NY, USA},
 note = {Accessed: 2017-3-23},
 owner = {S17-IR-2026},
 keywords = {MapReduce, cloud technologies, iterative algorithms},
}

@inproceedings{paper-ceil,
 author = {Murray, Derek G. and Schwarzkopf, Malte and Smowton,
                  Christopher and Smith, Steven and Madhavapeddy, Anil
                  and Hand, Steven},
 title = {CIEL: A Universal Execution Engine for Distributed Data-flow
                  Computing},
 booktitle = {Proceedings of the 8th USENIX Conference on Networked
                  Systems Design and Implementation},
 series = {NSDI'11},
 year = {2011},
 location = {Boston, MA},
 pages = {113--126},
 numpages = {14},
 url = {http://dl.acm.org/citation.cfm?id=1972457.1972470},
 acmid = {1972470},
 note = {Accessed: 2017-3-24},
 owner = {S17-IR-2026},
 publisher = {USENIX Association},
 address = {Berkeley, CA, USA},
}

@inproceedings{paper-RDD,
 author = {Zaharia, Matei and Chowdhury, Mosharaf and Das, Tathagata
                  and Dave, Ankur and Ma, Justin and McCauley, Murphy
                  and Franklin, Michael J. and Shenker, Scott and
                  Stoica, Ion},
 title = {Resilient Distributed Datasets: A Fault-tolerant Abstraction
                  for In-memory Cluster Computing},
 booktitle = {Proceedings of the 9th USENIX Conference on Networked
                  Systems Design and Implementation},
 series = {NSDI'12},
 year = {2012},
 location = {San Jose, CA},
 pages = {2--2},
 numpages = {1},
 url = {http://dl.acm.org/citation.cfm?id=2228298.2228301},
 acmid = {2228301},
 note = {Accessed: 2017-3-24},
 owner = {S17-IR-2026},
 publisher = {USENIX Association},
 address = {Berkeley, CA, USA},
}

@Manual{ceph-redhat-datasheet,
  title = {Red Hat Ceph Storage},
  organization = {{Red Hat,Inc.}},
  note = {Accessed: 2017-2-26},
  author = {{Red Hat,Inc.}},
  owner = {S17-IR-2026},
  url = {https://www.redhat.com/en/resources/red-hat-ceph-storage-datasheet},
}

@Misc{www-naiad,
  author = {{Microsoft}},
  title = {Naiad-Microsoft},
  howpublished = {Web Page},
  year = {2017},
  note = {Accessed: 2017-3-22},
  organization = {{Microsoft}},
  owner = {S17-IR-2026},
  url = {https://www.microsoft.com/en-us/research/project/naiad/},
}

@Misc{www-PDW,
  author = {Microsoft},
  title = {Microsoft Analytics Platform System overview |Microsoft},
  howpublished = {Web Page},
  year = {2017},
  note = {Accessed: 2017-3-26},
  organization = {{Microsoft}},
  owner = {S17-IR-2026},
  url = {https://www.microsoft.com/en-us/sql-server/analytics-platform-system},
}

@inproceedings{paper-DryadLINQ,
 author = {Yu, Yuan and Isard, Michael and Fetterly, Dennis and Budiu,
                  Mihai and Erlingsson, \'{U}lfar and Gunda, Pradeep
                  Kumar and Currey, Jon},
 title = {DryadLINQ: A System for General-purpose Distributed
                  Data-parallel Computing Using a High-level
                  Language},
 booktitle = {Proceedings of the 8th USENIX Conference on Operating
                  Systems Design and Implementation},
 series = {OSDI'08},
 year = {2008},
 location = {San Diego, California},
 pages = {1--14},
 numpages = {14},
 url = {http://dl.acm.org/citation.cfm?id=1855741.1855742},
 acmid = {1855742},
 note = {Accessed: 2017-3-24},
 owner = {S17-IR-2026},
 publisher = {USENIX Association},
 address = {Berkeley, CA, USA},
}

@inproceedings{paper-SHS,
 author = {Najork, Marc},
 title = {The Scalable Hyperlink Store},
 booktitle = {Proceedings of the 20th ACM Conference on Hypertext and
                  Hypermedia},
 series = {HT '09},
 year = {2009},
 isbn = {978-1-60558-486-7},
 location = {Torino, Italy},
 pages = {89--98},
 numpages = {10},
 url = {http://doi.acm.org/10.1145/1557914.1557933},
 doi = {10.1145/1557914.1557933},
 acmid = {1557933},
 publisher = {ACM},
 note = {Accessed: 2017-3-23},
 owner = {S17-IR-2026},
 address = {New York, NY, USA},
 keywords = {hyperlink database, scalability, web graph},
}

@Misc{dataset-clueweb09,
  author = {{Lemur}},
  title = {The ClueWeb09 Dataset},
  howpublished = {Web Page},
  year = {2017},
  note = {Accessed: 2017-3-24},
  organization = {{Red Hat, Inc.}},
  owner = {S17-IR-2026},
  url = {http://lemurproject.org/clueweb09/},
}

@inproceedings{paper-Largegraphs,
 author = {Najork, Marc and Fetterly, Dennis and Halverson, Alan and
                  Kenthapadi, Krishnaram and Gollapudi, Sreenivas},
 title = {Of Hammers and Nails: An Empirical Comparison of Three
                  Paradigms for Processing Large Graphs},
 booktitle = {Proceedings of the Fifth ACM International Conference on
                  Web Search and Data Mining},
 series = {WSDM '12},
 year = {2012},
 isbn = {978-1-4503-0747-5},
 location = {Seattle, Washington, USA},
 pages = {103--112},
 numpages = {10},
 url = {http://doi.acm.org/10.1145/2124295.2124310},
 doi = {10.1145/2124295.2124310},
 acmid = {2124310},
 publisher = {ACM},
 note = {Accessed: 2017-3-24},
 owner = {S17-IR-2026},
 address = {New York, NY, USA},
 keywords = {data-parallel computing, databases, graph algorithms,
                  graph servers, very large graphs},
}

@Misc{github-vowpalwabbit,
  Title = {Home . JohnLangford/vowpal\_wabbit wiki},
  Author = {{John Lanford}},
  HowPublished = {Code Repository},
  Year = {2016},
  Month = dec,
  Note = {Accessed: 2017-3-24},
  Url = {https://github.com/JohnLangford/vowpal_wabbit/wiki},
  Owner = {S17-IO-2026},
}

@Misc{github-Naiad,
  Title = {Microsoft/Naiad:The Naiad system provides fast incremental
                  and iterative computation for data-parallel
                  workloads},
  Author = {{Microsoft Research}},
  HowPublished = {Code Repository},
  Year = {2014},
  Month = nov,
  Note = {Accessed: 2017-3-24},
  Url = {https://github.com/MicrosoftResearch/Naiad},
  Owner = {S17-IO-2026},
}

@inproceedings{paper-Kineograph,
 author = {Cheng, Raymond and Hong, Ji and Kyrola, Aapo and Miao,
                  Youshan and Weng, Xuetian and Wu, Ming and Yang, Fan
                  and Zhou, Lidong and Zhao, Feng and Chen, Enhong},
 title = {Kineograph: Taking the Pulse of a Fast-changing and
                  Connected World},
 booktitle = {Proceedings of the 7th ACM European Conference on
                  Computer Systems},
 series = {EuroSys '12},
 year = {2012},
 isbn = {978-1-4503-1223-3},
 location = {Bern, Switzerland},
 pages = {85--98},
 numpages = {14},
 url = {http://doi.acm.org/10.1145/2168836.2168846},
 doi = {10.1145/2168836.2168846},
 acmid = {2168846},
 publisher = {ACM},
 note = {Accessed: 2017-3-22},
 owner = {S17-IR-2026},
 address = {New York, NY, USA},
 keywords = {distributed storage, graph processing},
}

@Misc{www-Nuget,
  author = {{naiadquestions@microsoft.com}},
  title = {Nuget Gallery|Naiad - Core 0.5.0-beta},
  howpublished = {Web Page},
  year = {2014},
  month = nov,
  note = {Accessed: 2017-3-26},
  organization = {{NET Foundation}},
  owner = {S17-IR-2026},
  url = {https://www.nuget.org/packages/Microsoft.Research.Naiad/},
}

