@misc{www-kafka,
  review =      {},
  Title = 		{Apache Kafka},
  Author = 		{{Apache Kafka}},
  HowPublished ={Web Page},
  Month = 		mar,
  Note = 		{Accessed: 2017-03-20},
  Year = 		2017,
  Owner = 		{S17-IR-2002},
  Url =         {https://kafka.apache.org/}
}



@misc{wiki-hadoop,
  review =      {},
  Title = 		{Apache Hadoop},
  Author = 		{{Wikipedia}},
  HowPublished ={Web Page},
  Month = 		mar,
  Note = 		{Accessed: 2017-03-20},
  Year = 		2017,
  Owner = 		{S17-IR-2002},
  Url =         {https://en.wikipedia.org/wiki/Apache_Hadoop}
}

@misc{www-spark,
  review =      {},
  Title = 		{Apache Spark},
  Author = 		{{Apache Spark}},
  HowPublished ={Web Page},
  Month = 		mar,
  Note = 		{Accessed: 2017-03-20},
  Year = 		2017,
  Owner = 		{S17-IR-2002},
  Url =         {https://spark.apache.org/}
}

@misc{wiki-ansible,
  review =      {},
  Title = 		{Ansible},
  Author = 		{{Wikipedia}},
  HowPublished ={Web Page},
  Month = 		mar,
  Note = 		{Accessed: 2017-03-20},
  Year = 		2017,
  Owner = 		{S17-IR-2002},
  Url =         {https://en.wikipedia.org/wiki/Ansible}
}

@misc{www-hbr,
  review =      {},
  Title = 		{Hiring Data Scientists from Outside the U.S.: A Primer on Visas},
  Author = 		{Michael Li and Michael J. Wildes and Adam W. Moses},
  HowPublished ={Web Page},
  Month = 		mar,
  Note = 		{Accessed: 2017-03-20},
  Year = 		2017,
  Owner = 		{S17-IR-2002},
  Url =         {https://hbr.org/2016/09/hiring-data-scientists-from-outside-the-us-a-primer-on-visas}
}


@misc{www-kaggle,
  review =      {},
  Title = 		{H-1B Visa Petitions 2011-2016},
  Author = 		{Sharan Naribole},
  HowPublished ={Web Page},
  Month = 		mar,
  Note = 		{Accessed: 2017-03-20},
  Year = 		2017,
  Owner = 		{S17-IR-2002},
  Url =         {https://www.kaggle.com/nsharan/h-1b-visa}
}

