@Misc{wk,
  title        = {Hive},
  howpublished = {Web Page},
  note         = {Online; accessed 24-March-2017},
  key          = {www-wiki-hive},
  owner        = {S17-IR-2044},
  url          = {https://en.wikipedia.org/wiki/Apache_Hive},
}


@Misc{rank,
	
	title        = {Ranking Hive},
	howpublished = {Web Page},
	note         = {Online; accessed 20-March-2017},
	key          = {www-DB-Engine},
	owner        = {S17-IR-2044},
	url          = {http://db-engines.com/en/ranking_trend/system/Hive},
}

@Misc{td,
	
	title        = {Hive article},
	howpublished = {Web Page},
	note         = {Online; accessed 24-March-2017},
	key          = {www-treasuredata-hive},
	owner        = {S17-IR-2044},
	url          = {https://docs.treasuredata.com/articles/hive},
}


@Misc{p1,
	
	title        = {Hive-a warehousing solution over map reduce framework },
	howpublished = {Paper},
        Author       = {Ashish Thusoo Joydeep SenSarma Namit Jain Zheng Shao Prasad Chakka Suresh Anthony Hao Liu Pete Wyckoff Raghotham Murthy},
	note         = {Online; accessed 23-March-2017},
	key          = {www-paper-hive},
	owner        = {S17-IR-2044},
	url          = {http://laser.inf.ethz.ch/2013/material/breitman/additionalpercent20reading/hive.pdf},
}
@Misc{p2,
	
	title        = {Hive-a petabyte scale datawarehouse using Hadoop},
	howpublished = {Paper},
        Author       = {Ashish Thusoo Joydeep SenSarma Namit Jain Zheng Shao Prasad Chakka Suresh Anthony Hao Liu Pete Wyckoff Raghotham Murthy},
	key          = {www-hive-paper},
	owner        = {S17-IR-2044},
	url          = {http://infolab.stanford.edu/~ragho/hive-icde2010.pdf},
}
