@Misc{www-cloudmesh,
  author       = {Cloudmesh},
  title        = {Cloudmesh},
  howpublished = {Webpage},
  owner        = {S17-IO-3019},
  timestamp    = {2017-03-22},
  url          = {https://cloudmesh.github.io/},
}

@Misc{www-statista,
  author    = {Statista},
  title     = {Number of monthly active Twitter users in the United States},
  owner     = {S17-IO-3019},
  timestamp = {2017-03-22},
  url       = {https://www.statista.com/statistics/274564/monthly-active-twitter-users-in-the-united-states/},
}