@misc{www-opencv,
  author =	 {{OpenCV team}},
  title =	 {OpenCV Library},
  url =		 {http://opencv.org/},
  howpublished = {Web Page},
  year =	 2017,
  note = {Accessed mar-30-2017}
}
@misc{www-about,
  author =	 {{OpenCV team}},
  title =	 {About - OpenCV Library},
  url =		 {http://opencv.org/about.html},
  howpublished = {Web Page},
  year =	 2017,
  note = {Accessed mar-30-2017}
}

@INPROCEEDINGS{opencv-paper,
  author={Ivan Culjak and David Abram and Tomislav Pribanic and Hrvoje Dzapo and Mario Cifrek}, 
  booktitle={2012 Proceedings of the 35th International Convention MIPRO}, 
  title={A brief introduction to OpenCV}, 
  year={2012}, 
  pages={1725-1730}, 
  keywords={C++ language;computer vision;public domain software;software libraries;C++ interface;Intel;OpenCV;image analysis;image processing;library developments;open source computer vision;open source library;video analysis;Cameras;Computer vision;Detectors;Histograms;Image edge detection;Libraries;Low pass filters}, 
  month={May}
}
@misc{www-platforms,
  author =	 {{OpenCV team}},
  title =	 {Platforms - OpenCV Library},
  url =		 {http://opencv.org/platforms/},
  howpublished = {Web Page},
  year =	 2017,
  note = {Accessed mar-30-2017}
}
@misc{www-cuda-wiki,
  author =	 {{Wikipedia}},
  title =	 {CUDA},
  url =		 {https://en.wikipedia.org/wiki/CUDA},
  howpublished = {Web Page},
  year =	 2017,
  note = {Accessed mar-30-2017}
}
@misc{www-opencv-intro,
  author =	 {{OpenCV team}},
  title =	 {OpenCV: Introduction},
  url =		 {http://docs.opencv.org/3.2.0/d1/dfb/intro.html},
  howpublished = {Web Page},
  year =	 2017,
  note = {Accessed mar-30-2017}
}
@misc{www-opencv-python,
  author =	 {{OpenCV team}},
  title =	 {Install OpenCV-Python in Windows},
  url =		 {http://docs.opencv.org/3.2.0/d5/de5/tutorial_py_setup_in_windows.html},
  howpublished = {Web Page},
  year =	 2017,
  note = {Accessed mar-30-2017}
}
@misc{www-opencv-sf,
  author =	 {{Slashdot Media}},
  title =	 {OpenCV},
  url =		 {https://sourceforge.net/projects/opencvlibrary/files/},
  howpublished = {Web Page},
  year =	 2017,
  note = {Accessed mar-30-2017}
}
@misc{www-opencv-license,
  author =	 {{OpenCV team}},
  title =	 {License - OpenCV},
  url =		 {http://opencv.org/license.html},
  howpublished = {Web Page},
  year =	 2017,
  note = {Accessed mar-30-2017}
}
@misc{www-git-opencv,
  author =	 {Andrey Pavlenko},
  title =	 {OpenCV},
  url =		 {https://github.com/opencv},
  howpublished = {Github Repository},
  year =	 2017,
  note = {Accessed mar-30-2017}
}
@misc{www-opencv-docs,
  author =	 {{OpenCV team}},
  title =	 {OpenCV Documentation Index},
  url =		 {http://docs.opencv.org/},
  howpublished = {Web Page},
  year =	 2017,
  note = {Accessed mar-30-2017}
}
@misc{www-opencv-wiki,
  author =	 {{Wikipedia}},
  title =	 {History},
  url =		 {https://en.wikipedia.org/wiki/OpenCV},
  howpublished = {Web Page},
  year =	 2017,
  note = {Accessed mar-30-2017}
}
@misc{www-opencv-pythonprgm-tut,
  author =       {{PythonProgramming}},
  title =        {OpenCV with Python Intro and loading Images tutorial},
  url =          {https://pythonprogramming.net/loading-images-python-opencv-tutorial/},
  howpublished = {Web Page},
  year =         2017,
  note = {Accessed apr-16-2017}
}

