@inproceedings{TwitterHeron1,
  title={Twitter heron: Stream processing at scale},
  author={Kulkarni, Sanjeev and Bhagat, Nikunj and Fu, Maosong and Kedigehalli, Vikas and Kellogg, Christopher and Mittal, Sailesh and Patel, Jignesh M and Ramasamy, Karthik and Taneja, Siddarth},
  booktitle={Proceedings of the 2015 ACM SIGMOD International Conference on Management of Data},
  pages={239},
  year={2015},
  organization={ACM},
  address =	{Melbourne, Victoria, Australia},
  publisher = {ACM New York, NY, USA ©2015},
  isbn = {978-1-4503-2758-9},
  keywords = {Stream data processing systems; real-time data processing},
  location = {Melbourne, Victoria, Australia},
  note =  {Accessed: 2017-2-24},
  owner = {S17-IR-2027},
  numpages = 12,
  url =	{http://dl.acm.org/citation.cfm?id=2742788}
}
@inproceedings{TwitterHeron2,
  title={Twitter heron: Stream processing at scale},
  author={Kulkarni, Sanjeev and Bhagat, Nikunj and Fu, Maosong and Kedigehalli, Vikas and Kellogg, Christopher and Mittal, Sailesh and Patel, Jignesh M and Ramasamy, Karthik and Taneja, Siddarth},
  booktitle={Proceedings of the 2015 ACM SIGMOD International Conference on Management of Data},
  pages={242},
  year={2015},
  organization={ACM},
  address =	{Melbourne, Victoria, Australia},
  publisher = {ACM New York, NY, USA ©2015},
  isbn = {978-1-4503-2758-9},
  keywords = {Stream data processing systems; real-time data processing},
  note =  {Accessed: 2017-2-24},
  owner = {S17-IR-2027},
  location = {Melbourne, Victoria, Australia},
  numpages = 12,
  url =	{http://dl.acm.org/citation.cfm?id=2742788}
}
@inproceedings{TwitterHeron3,
  title={Twitter heron: Stream processing at scale},
  author={Kulkarni, Sanjeev and Bhagat, Nikunj and Fu, Maosong and Kedigehalli, Vikas and Kellogg, Christopher and Mittal, Sailesh and Patel, Jignesh M and Ramasamy, Karthik and Taneja, Siddarth},
  booktitle={Proceedings of the 2015 ACM SIGMOD International Conference on Management of Data},
  pages={243},
  year={2015},
  organization={ACM},
  address =	{Melbourne, Victoria, Australia},
  publisher = {ACM New York, NY, USA ©2015},
  isbn = {978-1-4503-2758-9},
  keywords = {Stream data processing systems; real-time data processing},
  note =  {Accessed: 2017-2-24},
  owner = {S17-IR-2027},
  location = {Melbourne, Victoria, Australia},
  numpages = 12,
  url =	{http://dl.acm.org/citation.cfm?id=2742788}
}
@inproceedings{TwitterHeron4,
  title={Twitter heron: Stream processing at scale},
  author={Kulkarni, Sanjeev and Bhagat, Nikunj and Fu, Maosong and Kedigehalli, Vikas and Kellogg, Christopher and Mittal, Sailesh and Patel, Jignesh M and Ramasamy, Karthik and Taneja, Siddarth},
  booktitle={Proceedings of the 2015 ACM SIGMOD International Conference on Management of Data},
  pages={244},
  year={2015},
  organization={ACM},
  address =	{Melbourne, Victoria, Australia},
  publisher = {ACM New York, NY, USA ©2015},
  isbn = {978-1-4503-2758-9},
  keywords = {Stream data processing systems; real-time data processing},
  note =  {Accessed: 2017-2-24},
  owner = {S17-IR-2027},
  location = {Melbourne, Victoria, Australia},
  numpages = 12,
  url =	{http://dl.acm.org/citation.cfm?id=2742788}
}
@inproceedings{TwitterHeron5,
  title={Twitter heron: Stream processing at scale},
  author={Kulkarni, Sanjeev and Bhagat, Nikunj and Fu, Maosong and Kedigehalli, Vikas and Kellogg, Christopher and Mittal, Sailesh and Patel, Jignesh M and Ramasamy, Karthik and Taneja, Siddarth},
  booktitle={Proceedings of the 2015 ACM SIGMOD International Conference on Management of Data},
  pages={247},
  year={2015},
  organization={ACM},
  address =	{Melbourne, Victoria, Australia},
  publisher = {ACM New York, NY, USA ©2015},
  isbn = {978-1-4503-2758-9},
  keywords = {Stream data processing systems; real-time data processing},
  note =  {Accessed: 2017-2-24},
  owner = {S17-IR-2027},
  location = {Melbourne, Victoria, Australia},
  numpages = 12,
  url =	{http://dl.acm.org/citation.cfm?id=2742788}
}
@inproceedings{TwitterHeron6,
  title={Twitter heron: Stream processing at scale},
  author={Kulkarni, Sanjeev and Bhagat, Nikunj and Fu, Maosong and Kedigehalli, Vikas and Kellogg, Christopher and Mittal, Sailesh and Patel, Jignesh M and Ramasamy, Karthik and Taneja, Siddarth},
  booktitle={Proceedings of the 2015 ACM SIGMOD International Conference on Management of Data},
  pages={240},
  year={2015},
  organization={ACM},
  address =	{Melbourne, Victoria, Australia},
  publisher = {ACM New York, NY, USA ©2015},
  isbn = {978-1-4503-2758-9},
  keywords = {Stream data processing systems; real-time data processing},
  note =  {Accessed: 2017-2-24},
  owner = {S17-IR-2027},
  location = {Melbourne, Victoria, Australia},
  numpages = 12,
  url =	{http://dl.acm.org/citation.cfm?id=2742788}
}
@Misc{www-openSourceHeron,
  Title        = {Open sourcing Twitter Heron | Twitter Blogs},
  Author       = {Karthik Ramasamy},
  HowPublished = {Web Page},
  Year         = {2016},
  Month        = may,
  note =  {Accessed: 2017-2-24},
  owner = {S17-IR-2027},
  Url          = {https://blog.twitter.com/2016/open-sourcing-twitter-heron}
}
@Misc{www-FlyFasterHeron,
  Title        = {Flying faster with Twitter Heron | Twitter Blogs},
  Author       = {Karthik Ramasamy},
  HowPublished = {Web Page},
  Year         = {2015},
  Month        = jun,
  note =  {Section: Our rationale and approach,Accessed: 2017-2-24},
  owner = {S17-IR-2027},
  Url          = {https://blog.twitter.com/2015/flying-faster-with-twitter-heron}
}

@Misc{www-HeronYARN,
  Title        = {Heron Documentation - Apache Hadoop YARN Cluster(Experimental)},
  Author       = {Twitter},
  HowPublished = {Web Page},
  Year         = {2015},
  Month        = aug,
  note =  {Accessed: 2017-2-24},
  owner = {S17-IR-2027},
  Url          = {http://twitter.github.io/heron/docs/operators/deployment/schedulers/yarn/}
}
@Misc{www-StreamingTechs,
  Title        = {What are the differences between Apache Spark, Storm, Samza, Flink, Beam, Apex?},
  Author       = {Stefan Papp},
  HowPublished = {Web Page},
  Year         = {2016},
  Month        = may,
  note =  {Accessed: 2017-2-24},
  owner = {S17-IR-2027},
  Url          = {https://www.quora.com/What-are-the-differences-between-Apache-Spark-Storm-Samza}
}
@Misc{www-ApacheSamza,
  Title        = {Samza},
  Author       = {Samza},
  HowPublished = {Web Page},
  note =  {Accessed: 2017-2-24},
  owner = {S17-IR-2027},
  Url          = {http://samza.apache.org/},
}
@Misc{www-Gearpump,
  Title        = {Apache Gearpump(Incubating) : Overview},
  Author       = {The Apache Software Foundation},
  HowPublished = {Web Page},
  note =  {Accessed: 2017-2-24},
  owner = {S17-IR-2027},
  Url          = {https://gearpump.apache.org/overview.html}
}
@Misc{www-Kinesis,
  Title        = {Amazon Kinesis Documentation},
  Author       = {Amazon Web Services},
  HowPublished = {Web Page},
  Year         = {2016},
  note =  {Accessed: 2017-2-24},
  owner = {S17-IR-2027},
  Url          = {https://aws.amazon.com/documentation/kinesis/}
}
@inproceedings{GoogleMillwheel,
  title   		  = {MillWheel: Fault-Tolerant Stream Processing at Internet Scale},
  author        = {Tyler Akidau and Alex Balikov and Kaya Bekiroglu and Slava Chernyak and Josh Haberman and Reuven Lax and Sam McVeety and Daniel Mills and Paul Nordstrom and Sam Whittle},
  year          = {2013},
  booktitle     = {Very Large Data Bases},
  pages         = {734-746},
  note =  {Accessed: 2017-2-24},
  owner = {S17-IR-2027}
}