@InProceedings{las14cloudmeshmultiple,
  title =	 {{Accessing Multiple Clouds with Cloudmesh}},
  author =	 {von Laszewski, Gregor and Wang, Fugang and Lee,
                  Hyungro and Chen, Heng and Fox, Geoffrey C.},
  booktitle =	 {Proceedings of the 2014 ACM International Workshop
                  on Software-defined Ecosystems},
  year =	 2014,
  address =	 {New York, NY, USA},
  pages =	 {21--28},
  publisher =	 {ACM},
  series =	 {BigSystem '14},
  acmid =	 2609638,
  doi =		 {10.1145/2609441.2609638},
  isbn =	 {978-1-4503-2909-5},
  keywords =	 {cloud computing},
  location =	 {Vancouver, BC, Canada},
  numpages =	 8,
  url =		 {http://doi.acm.org/10.1145/2609441.2609638}
}

@InProceedings{FlumeJava-paper-2012,
  title =	 {{FlumeJava: Easy, Efficient Data-Parallel
                  Pipelines}},
  author =	 {Chambers, Craig and Raniwala, Ashish and Perry,
                  Frances and Stephen Adams and Robert R. Henry,
                  Robert R. and Bradshaw, Robert and Weizenbaum,
                  Nathan},
  booktitle =	 {2010 ACM SIGPLAN Conference on Programming Language
                  Design and Implementation},
  year =	 2010,
  address =	 {Toronto, Ontario, Canada},
  pages =	 {363--375},
  publisher =	 {ACM},
  series =	 {PLDI '10},
  doi =		 {10.1145/1806596.1806606},
  isbn =	 {978-1-4503-0019-3},
  keywords =	 {data-parallel programming, MapReduce, Java},
  location =	 {Toronto, Ontario, Canada},
  numpages =	 13,
  url =		 {http://doi.acm.org/10.1145/2609441.2609638}
}

@misc{www-i524,
  author =	 {{Gregor von Laszewski and Badi Abdul-Wahid}},
  title =	 {{Big Data Classes}},
  url =		 {https://cloudmesh.github.io/classes/},
  howpublished = {Web Page},
  address =	 {Indiana University},
  year =	 2017,
  month =	 jan
}

@Misc {www-underscore,
  key =		 {google},
  howpublished = {Web Page},
  url =		 {http://www.google.com/some_underscore}
}

@Misc{www-crunch,
  author        ={{Curoverse, Inc.}},
  title         ={{Arvados | Introduction to Crunch}},
  howpublished  ={Web Page},
  url
                  ={http://doc.arvados.org/user/tutorials/intro-crunch.html},
  note          ={Accessed: 2017-2-22}
}

@Misc{www-crunch-api,
  author        ={{The Apache Software Foundation}},
  title         ={{Apache Crunch Simple and Efficient MapReduce
                  Pipelines}},
  howpublished  ={Web Page},
  url           ={https://crunch.apache.org},
  note          ={Accessed: 2017-3-26},
  Year =         2013
}

@Misc{www-crunch-about,
  author        ={{The Apache Software Foundation}},
  title         ={{Apache Crunch - About}},
  howpublished  ={Web Page},
  url           ={https://crunch.apache.org/about.html},
  note          ={Accessed: 2017-3-26},
  Year =         2013
}

@Misc{www-wills-crunch,
  Title =        {Introducing Crunch: Easy MapReduce Pipelines for
                  Apache Hadoop},
  Author =       {Wills, Josh},
  HowPublished = {Blog},
  Month =        {oct},
  Note =         {Accessed: 2017-3-26},
  Year =         2011,
  Timestamp =    {2017.03.25},
  Url =
                  {http://blog.cloudera.com/blog/2011/10/introducing-crunch/}
}

@Misc{www-crunch-cerner,
  Title =        {Scaling People With Apache Crunch},
  Author =       {Whitacre, Micah},
  HowPublished = {Blog},
  Month =        {may},
  Note =         {Accessed: 2017-3-26},
  Year =         2014,
  Timestamp =    {2017.03.25},
  Url =          {http://engineering.cerner.com/blog/scaling-people-with-apache-crunch/}
}

@Misc{www-cerner,
  Title =        {{Cerner - Wikipedia}},
  Author =       {Wikimedia Foundation, Inc.},
  HowPublished = {Web Page},
  Month =        {mar},
  Note =         {Accessed: 2017-3-26},
  Year =         2017,
  Timestamp =    {2017.03.25},
  Url =          {https://en.wikipedia.org/wiki/Cerner}
}

@Misc{www-spotify,
  Title =        {{Spotify - Wikipedia}},
  Author =       {Wikimedia Foundation, Inc.},
  HowPublished = {Web Page},
  Month =        {mar},
  Note =         {Accessed: 2017-3-26},
  Year =         2017,
  Timestamp =    {2017.03.25},
  Url =          {https://en.wikipedia.org/wiki/Spotify}
}

@Misc{www-crunch-spotify,
  Title =        {Data Processing with Apache Crunch at Spotify},
  Author =       {Kestelyn, Justin},
  HowPublished = {Blog},
  Month =        {feb},
  Note =         {Accessed: 2017-3-26},
  Year =         2015,
  Timestamp =    {2017.03.25},
  Url =
                  {http://blog.cloudera.com/blog/2015/02/data-processing-with-apache-crunch-at-spotify/}
}

@Misc{www-crunch-architecture,
  Title =        {{Apache Spark in the Apache Hadoop Ecosystem}},
  Author =       {Jairam Ranganathan, Jairam},
  HowPublished = {Blog},
  Month =        {Sep},
  Note =         {Accessed: 2017-3-26},
  Year =         2014,
  Timestamp =    {2017.03.25},
  Url =
                  {https://vision.cloudera.com/apache-spark-in-the-apache-hadoop-ecosystem/}
}

@Misc{www-crunch-tutorial,
  Title =        {{Learn Apache Crunch}},
  Author =       {Asokan, Nithin},
  HowPublished = {Blog},
  Month =        {Mar},
  Note =         {Accessed: 2017-3-26},
  Year =         2015,
  Timestamp =    {2017.03.25},
  Url =          {http://crunch-tutor.blogspot.com}                  
}

@Misc{www-apache-lic,
  Title =        {Apache License, Version 2.0},
  Author =       {{The Apache Software Foundation}},
  HowPublished = {Web Page},
  Month =        {jan},
  Note =         {Accessed: 2017-3-26},
  Year =         2004,
  Timestamp =    {2017.03.25},
  Url =          {http://apache.org/licenses/LICENSE-2.0.html}
}

@Misc{www-apache-docs,
  Title =        {Apache Crunch 0.15.0 API},
  Author =       {{The Apache Software Foundation}},
  HowPublished = {Web Page},
  Note =         {Accessed: 2017-3-26},
  Year =         2017,
  Timestamp =    {2017.03.25},
  Url =          {https://crunch.apache.org/apidocs/0.15.0/}
}

@Misc{www-crunch-git,
  Title =        {Getting the Source Code},
  Author =       {{The Apache Software Foundation}},
  HowPublished = {Web Page},
  Note =         {Accessed: 2017-3-26},
  Year =         2013,
  Timestamp =    {2017.03.25},
  Url =          {https://crunch.apache.org/source-repository.html}
}

@Misc{www-crunch-user-guide,
  Title =        {{Apache Crunch - Apache Crunch User Guide}},
  Author =       {{The Apache Software Foundation}},
  HowPublished = {Web Page},
  Note =         {Accessed: 2017-3-26},
  Year =         2013,
  Timestamp =    {2017.03.25},
  Url =          {https://crunch.apache.org/user-guide.html}
}

@Misc{www-crunch-started,
  Title =        {{Apache Crunch - Getting Started}},
  Author =       {{The Apache Software Foundation}},
  HowPublished = {Web Page},
  Note =         {Accessed: 2017-3-26},
  Year =         2013,
  Timestamp =    {2017.03.25},
  Url =          {https://crunch.apache.org/getting-started.html}
}

@Misc{www-hadoop-ecosystem,
  Title =        {Hadoop Ecosystem and its components},
  Author =       {Edupristine},
  HowPublished = {Web Page},
  Note =         {Accessed: 2017-3-26},
  Year =         2015,
  Month =        {apr},
  Timestamp =    {2017.03.25},
  Url =          {https://crunch.apache.org/source-repository.html}
}

