@Misc{elastic-beanstalk-2,
  organization = {{Amazon Web Services}},
  title        = {Waht is AWS Elastic Beanstalk},
  howpublished = {Web page},
  year         = 2017,
  note         = {Online; accessed 19-Mar-2017},
  url          = {http://docs.aws.amazon.com/elasticbeanstalk/latest/dg/Welcome.html},
  owner        = {S17-IR-2021},
 }

@article{cloudcomputing-2,
  title		=		{Communications of the ACM},
  author	=		{Michael Armbrust and Armando Fox and
                                Rean Griffith and Anthony D. Joseph and Randy Katz
                                and Andy Konwinski and Gunho Lee and David Patterson
                                and Ariel Rabkin and Ion Stoica and Matei Zaharia},
  journal	=		{ACM Digital Library},
  volume 	=		53,
  doi 		=		{10.1145/1721654.1721672},
  pages		=		{50-58},
  date-published =	        {April 15 -01, 2010},
  url 		=		{http://cacm.acm.org/magazines/2010/4/81493-a-view-of-cloud-computing/fulltext},
  publisher	=		{ACM New York, NY, USA},
  owner         = 		{S17-IR-2021},
}

@article{elastic-beanstalk,
  title		=		{Scaling in Cloud Environments},
  author	=               {Dominique Bellenger and Jens Bertram and Andy Budina and Arne Koschel and Benjamin
                                Pfänder and Carsten Serowy and Irina Astrova and
                                Stella Gatziu Grivas and Marc Schaaf},
  journal	=		{ACM Digital Library},
  pages		=		{145-150},
  year          =               2011,
  isbn 		=		{978-1-61804-019-0},
  date-published =	        {July 15 - 17, 2011 },
  publisher	=		{World Scientific and Engineering Academy and Society (WSEAS) Stevens Point, Wisconsin, USA ©2011},
  url 		=		{http://www.wseas.us/e-library/conferences/2011/Corfu/COMPUTERS/COMPUTERS-23.pdf},
  owner         = 		{S17-IR-2021},
 }
 
 @Misc{elastic-cloudwatch,
  organizatio  = {TechTarget},
  title        = {SearchAWS {CloudWatch}},
  howpublished = {Web page},
  note         = {Online; accessed 21-Mar-2017},
  url          = {http://searchaws.techtarget.com/definition/CloudWatch},
  owner        = {S17-IR-2021},
 }
 
 @Misc{elastic-loadbalancing,
  organization = {Amazon Web Services},
  title        = {Elastic Load Balancing},
  howpublished = {Web page},
  note         = {Online; accessed 20-Mar-2017},
  url          = {https://aws.amazon.com/elasticloadbalancing/},
  owner        = {S17-IR-2021},
 }
 
@Misc{google-appengine,
  organizatio  = {Google Inc.},
  title        = {Google Cloud Platform{Google App Engine}},
  howpublished = {Web page},
  note         = {Online; accessed 18-Mar-2017},
  url          = {https://cloud.google.com/appengine/},
  owner        = {S17-IR-2021},
 }

@book{elastic-beanstalk-book,
  title        =	 {Elastic Beanstalk},
  author       =	 {Jurg Vlie and Flavia Paganelli and Steven
                         van Wel and Dara Dowd},
  totalpages   =	 88,
  year         =	 2011,
  date-published  =	 {2011-8-06},
  isbn         =	 {1449306640},
  edition      =         1,
  note         =         {Online; accessed 18-Mar-2017},
  publisher    =         {O'Reilly Media, Inc.},
  owner        =         {S17-IR-2021},
  
}
@InProceedings {ManualScaling,
 author        = 		{Jie Yang and Jie Qiu and Ying Li},
  title         = 		{A Profile-Based Approach to Just-in-Time Scalability for Cloud Applications},
  pages 	= 		{9-16},
  year          =               2009,
  isbn  	= 		{978-0-7695-3840-2},
  doi 	       	= 		{10.1109/CLOUD.2009.87},
  date-published =              {September 21 - 25, 2009},
  publisher     = 		{IEEE Computer Society Washington, DC, USA ©2009 },
  owner         = 		{S17-IR-2021},
}

@InBook{cloudcomputing,
  title		=		{Cloud Computing: Web-Based Dynamic IT Services 1st},
  author	=		{Stefan Tai and Jens Nimis and Christian Baun and Marcel Kunze },
  pages		=		109,
  isbn 		=		{9783642209161},
  published     =	        2011,
  url 		=		{http://www.springer.com/us/book/9783642209161},
  publisher	=		{Springer Publishing Company, Incorporated ©2011},
  owner         =		{S17-IR-2021},
}

