@Misc {www-ungrid,
  Title = 		{Ungrid Status Report 2010}, 
  Author = 		{{Aviso Legal}},
  HowPublished = 	{Web Page},
  Month =	 	nov,
  Note =		{accessed 2017-02-25},
  Year =		2010,
  Owner = 		{S17-IR-2012},
  Url = 		{http://www.ungrid.unal.edu.co/cluster/status.htm}  
}

@Misc {www-manual,
  Title = 		{The Lustre*Software Release 2.x Operations Manual}, 
  Author = 		{{Intel}},
  HowPublished = 	{Web Page},
  Month =	 	dec,
  Note =		{accessed 2017-02-25},
  Year =		2016,
  Owner = 		{S17-IR-2012},
  Url = 		{http://doc.lustre.org/lustre_manual.xhtml}  
}

@Misc {www-getstart,
  Title = 		{Getting Started With Lustre}, 
  Author = 		{{OpenSFS, EOFS}},
  HowPublished = 	{Web Page},
  Month =	 	dec,
  Note =		{accessed 2017-02-25},
  Year =		2016,
  Owner = 		{S17-IR-2012},
  Url = 		{http://lustre.org/getting-started-with-lustre/}
}

@Misc {www-whatislustre,
  Title = 		{About the Lustre File System}, 
  Author = 		{{OpenSFS, EOFS}},
  HowPublished = 	{Web Page},
  Month =	 	dec,
  Note =		{accessed 2017-02-25},
  Year =		2016,
  Owner = 		{S17-IR-2012},
  Url = 		{http://lustre.org/about/}
}

@Misc {www-download,
  Title = 		{Download Lustre}, 
  Author = 		{{OpenSFS, EOFS}},
  HowPublished = 	{Web Page},
  Month =	 	dec,
  Note =		{accessed 2017-02-25},
  Year =		2016,
  Owner = 		{S17-IR-2012},
  Url = 		{http://lustre.org/download-lustre/}
}

@Misc{www-bluegene-wikipedia,
 Title = 		{Blue Gene},
 Author = 		{{Wikipedia}},
 HowPublished = 	{Web Page},
 Month = 		jan,
 Note = 		{accessed 2017-02-13},
 Year = 		{2017},
 Owner = 		{S17-IR-2012},
 Url = 			{https://en.wikipedia.org/wiki/Blue_Gene}
}

@Misc{www-obd-wikipedia,
 Title = 		{Object storage},
 Author = 		{{Wikipedia}},
 HowPublished = 	{Web Page},
 Month = 		feb,
 Note = 		{accessed 2017-02-13},
 Year = 		{2017},
 Owner = 		{S17-IR-2012},
 Url = 			{https://en.wikipedia.org/wiki/Object_storage#Object-based_storage_devices}
}

