@misc{www-paasfinder,
  author =	 {Stefan Kolb},
  title =	 {Pivotal Web Services | PaaS Comparison},
  url =		 {https://paasfinder.org/vendors/pivotal+web+services},
  howpublished = {Web Page},
  year =	 2014,
  month =	 mar
}
@misc{www-pivotal,
  author =	 {{Pivotal Software, Inc}},
  title =	 {Pivotal Web Services | Home},
  url =		 {https://run.pivotal.io/},
  howpublished = {Web Page},
  year =	 2017
}

@misc{www-youtube-cf,
  author =	 {{WeAreEsynergy}},
  title =	 {Cloud Foundry vs Docker vs Kubernetes},
  url =		 {https://www.youtube.com/watch?v=7WAZrBUYedM},
  howpublished = {Youtube Video},
  year =	 2015,
  month = sep
}
@misc{www-paas-wiki,
  author =	 {{Wikipedia}},
  title =	 {Platform as a Service},
  url =		 {https://en.wikipedia.org/wiki/Platform_as_a_service},
  howpublished = {Web Page},
  year =	 2017,
  month = mar
}
@misc{www-pws-register,
  author =	 {Jack Clark},
  title =	 {Pivotal fluffs up *sigh* Cloud Foundry *sigh* cloud for battle in the *sigh* cloud},
  url =		 {https://www.theregister.co.uk/2014/05/08/pivotal_web_services_launch/},
  howpublished = {Web Page},
  year =	 2014,
  month = may
}
@misc{www-pws-stackoverflow,
  author =	 {Corby Page},
  title =	 {Difference between Cloud Foundry and Pivotal Web Services},
  url =		 {http://stackoverflow.com/a/30899157},
  howpublished = {Web Page},
  year =	 2015,
  month = jun
}
@misc{www-pws-features,
  author =	 {{Pivotal Software, Inc.}},
  title =	 {Pivotal Web Services | Features},
  url =		 {https://run.pivotal.io/features/},
  howpublished = {Web Page},
  year =	 2017
}

@misc{www-pws-push,
  author =	 {{Pivotal Software, Inc.}},
  title =	 {Deploy an Application},
  url =		 {http://docs.run.pivotal.io/devguide/deploy-apps/deploy-app.html#push},
  howpublished = {Web Page},
  year =	2017
}

@misc{www-pws-buildpacks,
  author =	 {{Pivotal Software, Inc.}},
  title =	 {Buildpacks},
  url =		 {http://docs.run.pivotal.io/buildpacks/},
  howpublished = {Web Page},
  year =	2017
}
@misc{www-pws-diego,
  author =	 {{Pivotal Software, Inc.}},
  title =	 {Diego Architecture},
  url =		 {https://docs.run.pivotal.io/concepts/diego/diego-architecture.html},
  howpublished = {Web Page},
  year =	2017
}
@misc{www-pws-pricing,
  author =	 {{Pivotal Software, Inc.}},
  title =	 {Pivotal Web Services | Pricing},
  url =		 {https://run.pivotal.io/pricing/},
  howpublished = {Web Page},
  year =	2017
}
@misc{www-pws-adv,
  author =	 {{Pivotal Software, Inc.}},
  title =	 {Pivotal Cloud Foundry: The Leading Enterprise Platform Powered by Cloud Foundry},
  url =		 {https://content.pivotal.io/datasheets/pivotal-cloud-foundry-the-leading-enterprise-platform-powered-by-cloud-foundry},
  howpublished = {Web Page},
  year =	2017
}
@misc{www-pws-agile,
  author =	 {{Pivotal Software, Inc.}},
  title =	 {Agile | Pivotal},
  url =		 {https://pivotal.io/agile},
  howpublished = {Web Page},
  year =	2017
}