@Misc{www-hyperv-paper,
  Title =	 {{Why Hyper-V?}},
  Author =	 {{Microsoft}},
  HowPublished = {Web Page},
  Month =	 mar,
  Note =	 {Accessed: 2017-03-22},
  Year =	 2016,
  Owner =	 {S17-IR-2011},
  Url =
                  {https://download.microsoft.com/download/E/8/E/E8ECBD78-F07A-4A6F-9401-AA1760ED6985/Competitive-Advantages-of-Windows-Server-Hyper-V-over-VMware-vSphere.pdf}
}

@Misc{www-hyperv-wikipedia,
  Title =	 {{Hyper-V}},
  Author =	 {{Wikipedia}},
  HowPublished = {Web Page},
  Month =	 mar,
  Note =	 {Accessed: 2017-03-21},
  Year =	 2016,
  Owner =	 {S17-IR-2011},
  Url =		 {https://en.wikipedia.org/wiki/Hyper-V}
}

@Misc{www-hyperv-advantages,
  Title =	 {{Hyper-V Feature Overview}},
  Author =	 {{Microsoft}},
  HowPublished = {Web Page},
  Month =	 mar,
  Note =	 {Accessed: 2017-03-24},
  Year =	 2017,
  Owner =	 {S17-IR-2011},
  Url =
                  {https://msdn.microsoft.com/en-us/library/cc768521(v=bts.10).aspx}
}

@Misc{www-microsoft-technet,
  Title =	 {{Remotely manage Hyper-V hosts with Hyper-V
                  Manager}},
  Author =	 {{Microsoft}},
  HowPublished = {Web Page},
  Month =	 mar,
  Note =	 {Accessed: 2017-03-23},
  Year =	 2017,
  Owner =	 {S17-IR-2011},
  Url =
                  {https://technet.microsoft.com/en-us/windows-server-docs/compute/hyper-v/manage/remotely-manage-hyper-v-hosts}
}

@Misc{www-hyperv-architecture,
  Title =	 {{Hyper-V Architecture}},
  Author =	 {{Microsoft}},
  HowPublished = {Web Page},
  Month =	 mar,
  Note =	 {Accessed: 2017-03-21},
  Year =	 2016,
  Owner =	 {S17-IR-2011},
  Url =
                  {https://msdn.microsoft.com/en-us/library/cc768520(v=bts.10).aspx}
}

@Misc{www-hyperv-paper2,
  Title =	 {{Hyper-V Configuration Guide}},
  Author =	 {{Microsoft}},
  HowPublished = {Web Page},
  Month =	 mar,
  Note =	 {Accessed: 2017-03-20},
  Year =	 2017,
  Owner =	 {S17-IR-2011},
  Url =
                  {https://gallery.technet.microsoft.com/Hyper-v-Step-by-step-84632942/file/122329/1/Hyper-vConfigGuide.pdf}
}
